2648 4216
460 280 519 340 DE
540 277 753 340 ORATORE.
784 277 800 337 I
1147 284 1247 350 53228

126 449 308 528 ponendam.
352 450 461 526 Neque
474 466 545 508 vero
559 447 619 507 hoc
637 445 735 506 solum
754 442 836 518 dixit,
852 444 907 505 sed
920 441 984 521 ipse
998 452 1028 503 et
1042 441 1134 503 sensit
1150 463 1197 514 ²²9

126 557 158 608 et
171 545 261 607 lecit:
282 565 353 606 nam
372 565 443 607 cum
463 555 542 605 esset
562 544 612 604 ille
628 542 672 602 vir
692 543 871 619 exemplum,
892 552 925 602 ut
946 541 1035 614 scitis,
1051 539 1135 600 inno

127 643 245 704 centiae
265 661 396 720 cumque
416 642 468 703 illo
489 660 580 702 nemo
601 659 700 718 neque
719 638 859 716 integrior
878 650 956 699 esset
971 639 1001 698 in
1016 637 1135 699 civitate

128 759 228 818 neque
242 739 381 814 sanctior,
396 759 459 800 non
473 740 566 799 modo
581 739 707 816 supplex
720 736 871 797 iudicibus
885 756 950 797 esse
962 736 1067 810 noluit,
1080 738 1135 797 sed

99 857 168 915 5ne
188 836 321 898 ornatius
342 836 466 916 quidem
487 848 539 897 aut
561 835 682 896 liberius
704 855 824 896 causam
845 834 906 895 dici
928 855 1021 908 suam,
1044 853 1135 912 quam

128 934 255 1012 simplex
268 933 344 995 ratio
357 933 488 995 veritatis
501 933 622 994 serebat
666 934 794 993 Paulum
815 931 885 992 huic
905 933 1013 993 Cottae
1034 930 1136 991 tribuit

128 1032 266 1110 partium,
290 1031 485 1092 disertissimo
507 1029 702 1103 adulescenti,
728 1028 836 1091 sororis
861 1049 932 1091 suae
955 1028 1042 1102 filio;
1063 1027 1136 1089 dixit

66 1145 69 1151 ·
129 1129 201 1190 item
223 1148 344 1189 causam
366 1129 447 1189 illam
468 1130 599 1207 quadam
617 1148 653 1188 ex
670 1140 752 1205 parte
772 1129 810 1204 Q.
828 1127 958 1200 Mucius,
974 1146 1056 1188 more
1070 1146 1135 1199 suo,

129 1228 213 1287 nullo
226 1238 379 1305 apparatu,
395 1245 468 1304 pure
487 1237 517 1286 et
537 1225 677 1286 dilucide„
722 1226 816 1301 Quod
832 1224 857 1285 si
871 1235 903 1284 tu
918 1235 999 1298 tunc,
1019 1225 1135 1296 Crasse,
1152 1245 1200 1294 ²30

83 1351 116 1386 ro
129 1323 263 1398 dixisses,
273 1323 325 1402 qui
334 1323 501 1385 subsidium
510 1321 619 1383 oratori
633 1342 670 1382 ex
684 1321 740 1382 illis
751 1321 1011 1399 disputationibus,
1027 1320 1137 1398 quibus

129 1420 303 1499 philosophi
317 1431 448 1494 utuntur,
463 1422 504 1481 ad
518 1419 639 1481 dicendi
655 1419 773 1496 copiam
788 1421 952 1497 petendum
967 1439 1032 1480 esse
1046 1420 1137 1497 paulo

129 1530 200 1579 ante
224 1510 355 1592 dicebas,
374 1528 412 1591 et,
433 1517 459 1578 si
475 1516 530 1578 tibi
548 1537 603 1594 pro
622 1520 654 1577 P.
677 1515 791 1577 Rutilio
808 1536 870 1577 non
889 1516 1137 1594 philosophorum

130 1636 223 1690 more,
238 1617 293 1677 sed
307 1628 360 1677 tuo
374 1614 506 1676 licuisset
520 1607 628 1688 dicere,
643 1613 780 1692 quamvis
799 1613 933 1674 scelerati
947 1613 989 1673 illi
1002 1612 1136 1686 fuissent,

131 1712 220 1774 sicuti
254 1715 373 1774 fuerunt
407 1711 539 1791 pestiferi
573 1712 653 1773 cives
681 1710 889 1790 supplicioque
916 1710 1007 1788 digni,
1036 1722 1136 1771 tamen

56 1866 60 1872 .
87 1830 381 1888 ¹501¹¹sse111e0fflm
405 1809 662 1888 importunitatem
684 1829 721 1870 ex
745 1808 856 1869 intimis
884 1807 1035 1869 mentibus
1063 1810 1139 1868 evel-

132 1907 214 1968 lisset
236 1907 280 1968 vis
302 1907 445 1968 orationis
468 1918 545 1967 tuae.
590 1909 681 1967 Nunc
699 1905 765 1967 talis
781 1905 825 1965 vir
844 1905 972 1966 amissus
992 1916 1046 1978 est,
1065 1905 1139 1965 dum

132 2025 223 2066 oeusa
237 2004 278 2065 ita
291 2005 408 2078 dicitur,
423 2016 457 2066 ut
471 2004 497 2066 si
511 2005 542 2064 in
563 2004 613 2065 illa
634 2003 845 2065 commenticia
867 2002 999 2064 Platonis
1020 2001 1139 2063 civitate

132 2123 179 2164 res
189 2113 332 2181 ageretur.
364 2105 465 2164 Nemo
479 2101 632 2180 ingemuit,
645 2121 736 2162 nemo
750 2100 921 2162 inclamavit
934 2112 1137 2178 patronorum,

132 2201 207 2261 nihil
222 2195 362 2280 cuiquam
376 2200 481 2274 doluit,
496 2219 587 2260 nemo
601 2211 646 2260 est
657 2211 789 2278 questus,
804 2218 895 2259 nemo
909 2218 972 2259 rem
986 2197 1139 2276 publicam

88 2324 121 2359 ιο
133 2297 310 2377 imploravit,
325 2318 416 2359 nemo
430 2296 629 2376 supplicavit;
648 2296 723 2374 quid
743 2298 859 2357 multa?
879 2297 988 2373 pedem
1002 2315 1093 2357 nemo
1108 2295 1141 2355 in
1153 2346 1194 2409 ⁵4

133 2395 186 2457 illo
207 2395 319 2456 iudicio
333 2394 488 2473 supplosit,
504 2396 604 2468 credo,
619 2414 659 2455 ne
673 2393 781 2455 Stoicis
801 2393 1025 2454 renuntiaretur.
1070 2391 1140 2452 Irni·
1155 2441 1168 2475 2
1172 2437 1201 2488 31

133 2503 213 2554 tatus
227 2504 272 2553 est
286 2494 379 2553 homo
394 2494 552 2553 Romanus
566 2503 596 2553 et
610 2491 774 2553 consularis
787 2501 918 2552 veterem
932 2490 1017 2551 illum
1038 2492 1140 2550 Socra·

133 2602 205 2664 tem,
220 2589 280 2668 qui,
295 2609 366 2650 cum
387 2589 523 2650 omnium
544 2588 779 2667 sapientissimus
798 2599 876 2649 esset
895 2586 1140 2665 sanctissimeque

134 2687 262 2762 vixisset,
291 2686 333 2748 ita
356 2687 388 2748 in
410 2687 524 2748 iudicio
546 2686 650 2766 capitis
677 2706 732 2765 pro
760 2706 793 2747 se
815 2685 880 2763 ipse
907 2684 989 2758 dixit,
1015 2695 1048 2745 ut
1077 2704 1140 2745 non

90 2811 121 2863 ²5
134 2788 261 2864 supplex
275 2797 328 2847 aut
346 2806 422 2860 reus,
443 2787 498 2846 sed
516 2784 654 2862 magister
673 2795 726 2844 aut
746 2784 887 2845 dominus
905 2782 1054 2844 videretur
1074 2800 1140 2843 esse

134 2882 277 2944 iudicum.
322 2882 405 2959 Quin
423 2881 523 2955 etiam,
538 2902 608 2942 cum
622 2881 651 2942 ei
664 2880 805 2958 scriptam
826 2880 992 2942 orationem
1013 2879 1141 2940 disertis-

135 2981 228 3042 simus
237 2991 336 3042 orator
347 2980 450 3059 Lysias
460 2979 615 3053 attulisset,
627 2999 727 3058 quam,
738 2979 764 3040 si
777 2979 806 3040 ei
815 2979 972 3053 videretur,
984 2977 1138 3051 edisceret,

135 3090 169 3140 ut
182 3098 219 3139 ea
232 3098 287 3157 pro
301 3099 334 3140 se
347 3077 379 3138 in
393 3077 505 3139 iudicio
513 3089 652 3151 uteretur,
665 3097 728 3138 non
741 3076 850 3138 invitus
859 3076 929 3154 legit
940 3088 970 3137 et
979 3075 1140 3137 commode

135 3176 276 3255 scriptam
284 3196 350 3237 esse
360 3175 434 3237 dixit
442 3198 452 3251 ;
467 3175 659 3254 ‘sed'inquit
669 3181 677 3209 ‘
688 3186 729 3249 ut,
739 3174 764 3236 si
775 3174 849 3234 mihi
857 3176 974 3235 calceos
985 3172 1140 3251 Sicyonios

88 3298 123 3346 30
135 3274 293 3348 attulisses,
309 3294 371 3335 non
385 3284 491 3348 uterer,
506 3272 642 3351 quamvis
656 3284 756 3334 essent
770 3272 885 3334 habiles
905 3283 996 3350 atque
1016 3270 1078 3350 apti
1099 3272 1140 3333 ad

136 3374 255 3450 pedem,
266 3371 337 3450 quia
350 3391 413 3432 non
427 3383 527 3432 essent
535 3370 651 3444 viriles:
665 3370 709 3431 sic
722 3370 803 3430 illam
818 3369 984 3431 orationem
998 3368 1139 3430 disertam

137 3468 195 3531 sibi
203 3481 233 3531 et
241 3468 399 3530 oratoriam
408 3467 510 3542 videri,
520 3470 627 3529 sortem
636 3479 666 3528 et
674 3467 789 3528 virilem
798 3487 860 3528 non
868 3466 969 3529 videri.
1000 3470 1079 3544 Ergo
1090 3465 1140 3526 ille

138 3586 261 3645 quoque
270 3567 430 3627 damnatus
440 3577 505 3641 est,
518 3585 618 3644 neque
631 3567 729 3626 solum
740 3564 843 3643 primis
855 3564 1017 3638 sententiis,
1030 3563 1140 3642 quibus

136 3675 255 3725 tanturn
276 3663 447 3725 statuebant
468 3662 591 3737 iudices,
613 3664 790 3723 damnarent
810 3682 850 3722 an
870 3662 1067 3736 absolverent,
1085 3663 1141 3722 sed
