2648 4216
475 264 519 322 M.
542 262 671 322 TVLLI
693 262 926 324 CICERONIS

197 428 280 504 culis,
295 449 358 490 non
372 431 486 490 nullam
501 428 533 489 in
548 448 632 507 spem
647 448 787 490 veneram
804 447 893 507 posse
913 448 963 489 me
977 448 1014 488 ex
1028 427 1071 489 eis
1088 425 1204 505 aliquid

197 526 329 601 discere,
350 525 451 587 inveni
471 536 573 587 autem
595 525 721 586 ridicula
741 536 772 586 et
792 527 869 585 salsa
890 527 982 585 multa
999 527 1184 586 Graecomm
1195 546 1204 598 3

196 643 268 682 nam
283 634 312 684 et
326 623 419 684 Siculi
433 623 464 683 in
479 643 516 684 eo
533 643 642 701 genere
661 635 692 683 et
706 623 821 684 Rhodii
841 634 871 683 et
886 622 1021 700 Byzantii
1039 635 1070 683 et
1088 631 1205 701 praeter

197 733 311 782 ceteros
325 720 419 782 Attici
433 723 583 782 excellunt
591 743 601 796 ;
621 722 675 781 sed
686 720 739 799 qui
754 720 818 782 eius
832 720 875 781 rei
889 720 1035 781 rationem
1050 721 1204 798 quandam

197 819 298 879 conati
312 830 382 880 sunt
392 823 550 897 'artemque
564 820 688 892 tradere,
705 818 748 879 sic
762 817 868 879 insulsi
882 818 1068 892 exstiterunt,
1081 828 1115 877 ut
1129 816 1204 876 nihil
1219 836 1232 886 5

136 927 182 975 218
196 915 278 977 aliud
293 937 397 978 eorum
417 917 476 977 nisi
495 917 560 996 ipsa
578 916 729 977 insulsitas
747 916 880 978 rideatur
889 938 899 992 3
919 936 980 994 qua
998 936 1029 976 re
1048 915 1122 975 mihi
1141 913 1206 992 qui-

198 1015 268 1074 dem
296 1017 380 1075 nullo
408 1017 502 1076 modo
529 1014 647 1075 videtur
675 1015 813 1075 doctrina
841 1015 898 1075 ista
926 1033 972 1075 res
1000 1033 1089 1090 posse
1117 1011 1202 1072 tradi.

198 1111 318 1172 Etenim
338 1133 408 1173 cum
427 1114 490 1173 duo
509 1131 619 1190 genera
639 1111 699 1172 sint
719 1111 902 1185 facetiarum,
918 1114 1044 1172 alterum
1065 1109 1205 1188 aequabi-

197 1209 262 1270 liter
280 1210 312 1270 in
331 1210 415 1271 omni
433 1231 571 1272 sermone
590 1212 699 1283 fusum,
714 1212 841 1271 alterum
860 1220 1036 1288 peracutum
1055 1220 1085 1268 et
1103 1208 1202 1281 breve,

196 1306 247 1366 illa
260 1326 279 1367 a
291 1308 440 1369 veteribus
458 1307 592 1386 superior
611 1306 768 1379 cavillatio,
785 1309 861 1368 haec
879 1310 972 1367 altera
991 1304 1132 1366 dicacitas
1152 1324 1251 1365 noro

197 1403 310 1464 minata
323 1417 375 1465 est.
413 1407 495 1466 Leve
509 1424 623 1465 nomen
636 1405 729 1464 habet
743 1416 870 1481 utraque
884 1423 938 1464 res,
975 1402 1116 1480 Quippe,
1138 1404 1204 1462 leve

136 1527 182 1577 219
197 1502 278 1563 enim
292 1515 337 1563 est
351 1513 448 1563 totum
463 1504 523 1563 hoc
541 1501 634 1562 risum
653 1521 783 1562 movere.
814 1504 928 1562 Verum
939 1511 1049 1572 tamen,
1065 1510 1098 1559 ut
1117 1498 1202 1572 dicis,

197 1601 320 1674 Antoni,
336 1603 464 1660 multum
479 1601 511 1660 in
525 1601 622 1662 causis
641 1620 785 1679 persaepe
801 1602 904 1678 lepore
921 1611 951 1661 et
969 1599 1081 1660 facetiis
1098 1598 1204 1676 profici

196 1698 265 1758 vidi.
309 1699 369 1759 Sed
384 1718 453 1758 cum
468 1698 520 1759 illo
538 1698 570 1758 in
585 1718 695 1777 genere
712 1710 875 1777 perpetuae
893 1696 1059 1758 festivitatis
1076 1715 1122 1756 ars
1140 1715 1203 1755 non

197 1796 380 1857 desideretur
395 1796 514 1876 (natura
530 1797 612 1858 enim
631 1797 716 1874 fingit
733 1797 872 1857 homines
889 1807 920 1857 et
940 1806 1020 1857 creat
1039 1795 1202 1856 imitatores
1217 1816 1249 1868 15

198 1905 228 1954 et
251 1905 415 1954 narratores
440 1896 553 1956 facetos
577 1894 740 1955 adiuvante
764 1905 795 1955 et
819 1896 903 1954 vultu
928 1904 959 1954 et
983 1913 1057 1954 voce
1081 1904 1111 1952 et
1136 1891 1202 1970 ipso

197 2012 304 2070 genere
327 1990 485 2070 sermonis)
507 2002 573 2052 tum
593 2012 665 2053 vero
687 1992 720 2052 in
742 1994 802 2053 hoc
825 1994 920 2052 altero
942 1990 1107 2052 dicacitatis
1128 1989 1203 2068 quid

197 2091 288 2150 habet
302 2109 349 2149 ars
363 2089 429 2162 loci,
441 2110 511 2150 cum
521 2101 593 2151 ante
604 2090 678 2152 illud
690 2093 786 2152 facete
796 2089 913 2151 dictum
924 2089 1066 2150 emissum
1081 2090 1202 2150 haerere

136 2213 183 2247 220
197 2188 314 2260 debeat,
335 2207 426 2265 quam
447 2187 570 2265 cogitari
591 2188 725 2267 potuisse
746 2188 904 2249 videatur?
945 2187 1029 2263 Quid
1049 2187 1131 2247 enim
1152 2185 1202 2247 hic

197 2305 282 2345 meus
303 2287 391 2345 frater
411 2286 450 2346 ab
471 2297 533 2346 arte
554 2285 688 2347 adiuvari
709 2286 815 2364 potuit,
834 2306 903 2347 cum
921 2285 1094 2363 aPhilippo
1115 2284 1202 2345 inter·
1217 2305 1250 2340 20

198 2394 315 2460 rogatus
330 2382 404 2460 quid
423 2384 549 2457 latraret,
566 2385 662 2444 furem
684 2404 716 2445 se
730 2383 832 2445 videre
850 2383 1027 2462 respondit?
1069 2383 1152 2459 Quid
1170 2384 1202 2443 in

198 2479 281 2541 omni
301 2480 435 2541 oratione
455 2482 580 2543 Crassus
599 2483 647 2542 vel
667 2484 749 2560 apud
767 2493 890 2544 centum
906 2481 984 2544 viros
999 2493 1104 2542 contra
1117 2484 1204 2543 Scae·

197 2579 296 2639 volam
310 2579 357 2638 vel
372 2588 476 2639 contra
489 2590 694 2640 accusatorem
710 2583 844 2654 Bmtum,
856 2601 926 2641 cum
940 2600 995 2659 pro
1010 2583 1066 2642 Cn.
1078 2580 1202 2642 Plancio

197 2675 331 2737 diceret?
372 2678 453 2736 Nam
468 2675 508 2751 id,
524 2678 608 2755 quod
623 2689 656 2738 tu
670 2677 745 2739 mihi
759 2678 873 2752 tribuis,
889 2679 1012 2752 Antoni,
1030 2680 1139 2741 Crasso
1156 2690 1202 2740 est

197 2773 333 2834 omnium
347 2773 495 2834 sententia
509 2776 760 2850 concedendum;
781 2797 843 2837 non
863 2775 944 2837 enim
964 2777 1024 2836 fere
1041 2775 1201 2853 quisquam
1216 2792 1247 2843 25

197 2870 357 2949 reperietur
370 2882 485 2949 praeter
500 2873 581 2932 hunc
595 2871 627 2932 in
642 2884 770 2952 utroque
783 2894 892 2952 genere
911 2873 1018 2951 leporis
1033 2875 1201 2934 excellens:

197 2980 227 3030 et
241 2969 300 3043 ilto,
317 2971 400 3047 quod
415 2969 446 3030 in
460 2970 659 3049 perpetuitate
679 2971 832 3044 sermonis,
849 2982 879 3032 et
898 2973 965 3043 hoc,
984 2973 1067 3049 quod
1081 2971 1113 3030 in
1126 2971 1203 3032 cele·

136 3091 180 3128 221
197 3067 282 3128 ritate
296 3079 385 3144 atque
396 3067 478 3128 dicto
490 3079 542 3128 est.
580 3070 661 3128 Nam
672 3071 747 3130 haec
758 3081 902 3148 perpetua
912 3080 1016 3130 contra
1027 3070 1201 3129 Scaevolam

197 3165 328 3229 Curiana
342 3165 478 3226 defensio
493 3177 557 3228 tota
570 3167 749 3228 redundavit
763 3167 910 3228 hilaritate
925 3169 1055 3244 quadam
1070 3176 1100 3226 et
1114 3165 1201 3239 ioco;

229 3318 388 3368 M=AEH
467 3319 914 3382 sertem...exstiteruntom.M
981 3318 1204 3370 12totumom.M

196 3386 252 3450 (xiv
263 3386 308 3436 litt.
322 3394 359 3450 sp.
375 3402 426 3435 vac.
441 3385 482 3444 H)
568 3388 606 3436 rei
617 3402 717 3437 summo
735 3386 838 3436 vereM
948 3403 977 3446 14
996 3386 1040 3435 illo
1053 3385 1194 3434 inmrillo

195 3451 337 3515 AE¹732:
355 3450 541 3501 inilloHE²L
638 3455 668 3501 16
686 3459 712 3501 et
724 3458 871 3501 narratores
883 3468 934 3501 om.
949 3451 981 3499 M
1045 3453 1142 3500 facetus
1154 3449 1187 3498 M
1194 3468 1200 3498 :

196 3517 345 3566 facetiarum
359 3533 386 3565 m
480 3533 512 3578 93
529 3519 577 3567 Cn.
590 3516 697 3568 Plancio
709 3518 822 3567 diceretf
847 3517 914 3566 Nam
925 3533 976 3567 om.
991 3516 1082 3579 M(xx
1085 3518 1140 3579 sm
1151 3517 1196 3565 litt.

195 3590 233 3645 sp.
248 3598 299 3632 vac.
315 3583 355 3641 H)
439 3584 473 3631 96
489 3591 594 3645 praeter
605 3599 656 3633 om.
672 3581 705 3630 M
768 3598 800 3644 27
817 3583 924 3646 quode:
942 3583 986 3643 qui
1001 3582 1070 3630 codd.
1130 3582 1200 3643 quod

197 3662 239 3696 m:
258 3646 380 3761 ἶυίεςᾰᾰ.
428 3711 459 3761 M
495 3650 528 3698 98
545 3655 636 3699 contra
647 3648 726 3699 Εἰς
743 3649 820 3698 inlex
837 3664 889 3698 om.
904 3645 937 3694 M
1042 3663 1075 3708 99
1091 3647 1200 3709 quadam

281 3729 413 3763 revraom.
