2648 4216
475 265 533 326 DE
555 267 762 329 ORATORE
803 267 837 327 11

142 431 219 494 mihi
235 453 254 494 a
273 453 305 494 se
322 434 496 494 Scaevolam
515 432 586 494 hinc
605 445 727 495 euntem
746 453 811 496 esse
828 447 1019 509 conventum,
1035 457 1072 497 ex
1085 454 1147 513 quo

141 529 217 591 rnira
239 532 388 608 quaedam
412 551 445 592 se
468 530 590 592 audisse
614 531 753 606 dicebat;
782 543 820 606 te,
846 553 936 610 quem
960 553 1016 611 ego
1037 533 1147 595 totiens

140 627 225 690 omni
238 627 353 689 ratione
371 639 522 707 temptans
539 631 580 690 ad
599 628 814 707 disputandum
833 630 940 691 elicere
957 650 1018 691 non
1038 630 1148 708 potuis-

140 745 214 800 sem,
239 728 387 805 permulta
410 727 450 786 de
474 726 647 804 eloquentia
669 746 739 786 cum
763 727 898 787 Antonio
919 726 1093 790 disseruisse
1115 740 1147 790 et

110 833 293 901 stamquam
318 822 350 882 in
374 824 478 883 schola
501 843 595 903 prope
618 826 658 885 ad
684 826 867 885 Graecorum
895 826 1145 887 consuetudinem

138 919 324 999 disputasse:
345 919 388 980 ita
402 940 451 982 me
465 922 554 982 frater
570 921 701 983 exoravit
712 941 751 983 ne
761 921 859 1001 ipsum
875 923 998 1000 quidem
1012 943 1031 983 a
1044 924 1144 984 studio
1160 945 1191 997 ¹4

137 1017 281 1079 audiendi
300 1017 389 1078 nimis
407 1019 627 1092 abhorrentem,
644 1021 698 1081 sed
717 1040 766 1081 me
785 1022 905 1082 hercule
924 1033 1086 1096 verentem,
1105 1043 1144 1083 ne

137 1115 256 1176 molesti
276 1115 361 1177 vobis
382 1115 638 1191 interveniremus,
661 1129 695 1177 ut
716 1119 776 1178 huc
797 1138 900 1179 secum
922 1117 1076 1193 venirem3
1102 1132 1143 1180 et-

136 1213 219 1273 enim
240 1215 413 1275 Scaevolam
428 1213 470 1275 ita
483 1214 584 1276 dicere
603 1214 712 1289 aiebat,
728 1215 840 1276 bonam
861 1227 976 1294 partem
997 1217 1142 1278 sermonis

91 1339 123 1375 ro
136 1310 169 1370 in
190 1313 271 1372 hunc
293 1311 373 1373 diem
397 1332 463 1373 esse
486 1312 618 1373 dilatam.
672 1315 744 1373 Hoc
763 1324 795 1373 tu
821 1313 845 1373 si
868 1312 1007 1391 cupidius
1029 1315 1141 1375 factum

135 1407 294 1483 existimas,
326 1409 446 1472 Caesari
474 1409 642 1484 attribues3
677 1409 702 1470 si
730 1409 910 1484 familiarius,
940 1411 1057 1489 utrique
1090 1433 1142 1474 no

135 1518 248 1582 strum;
272 1528 328 1569 nos
343 1508 475 1586 quidem,
491 1507 548 1568 nisi
562 1510 638 1569 forte
652 1507 771 1569 molesti
785 1507 1007 1581 intervenimus,
1024 1508 1141 1570 venisse

134 1606 282 1667 delectat’
323 1608 404 1666 Tum
420 1608 545 1668 Crassus
568 1605 735 1684 ‘equidem
752 1625 961 1684 quaecumque
978 1625 1031 1666 vos
1050 1626 1140 1667 causa

134 1704 193 1763 huc
207 1703 361 1777 attulisset,
375 1706 506 1777 laetarer,
522 1724 591 1764 curn
606 1706 688 1782 apud
703 1724 752 1764 me
766 1703 898 1765 viderem
913 1702 1051 1763 homines
1065 1703 1139 1764 mihi

89 1822 118 1873 15
132 1801 299 1862 carissimos
318 1813 349 1862 et
367 1801 586 1876 amicissim0s3
606 1803 660 1863 sed
680 1813 788 1875 tamen,
805 1822 873 1863 vere
892 1800 1000 1873 dicam,
1016 1802 1138 1878 quaevis

132 1901 251 1960 mallem
266 1899 377 1972 fuisset,
390 1920 480 1977 quam
495 1899 560 1973 ista,
576 1919 667 1977 quam
682 1899 765 1961 dicis.
810 1902 875 1977 Ego
889 1898 979 1972 enirn,
992 1910 1033 1972 ut,
1045 1918 1137 1976 quem

130 1997 170 2057 ad
198 1997 323 2056 modum
353 1996 459 2069 sentio,
488 1998 601 2074 loquar,
631 2016 797 2074 numquam
822 1995 896 2056 mihi
921 1995 1020 2055 minus
1044 2015 1137 2073 quam

130 2094 270 2154 hesterno
284 2093 334 2154 die
349 2092 466 2172 placui3
487 2093 581 2171 magis
600 2095 677 2154 adeo
695 2093 726 2153 id
745 2093 885 2154 facilitate
899 2113 989 2171 quarn
1005 2093 1062 2153 alia
1076 2097 1137 2154 ulla

130 2194 218 2268 culpa
239 2211 307 2252 mea
324 2190 456 2268 contigit,
473 2190 533 2269 qui,
552 2192 625 2251 dum
646 2191 796 2269 obsequor
814 2191 1065 2264 adulescentibus,
1086 2211 1135 2253 me

84 2309 116 2344 ao
129 2307 232 2349 senem
257 2309 324 2350 esse
349 2309 415 2348 sum
441 2289 552 2349 oblitus
577 2288 695 2366 fecique
722 2287 762 2361 id,
789 2290 872 2366 quod
894 2309 933 2349 ne
957 2290 1134 2351 adulescens

129 2385 251 2463 quidem
266 2389 403 2460 feceram,
420 2399 453 2447 ut
472 2386 514 2448 eis
534 2388 573 2448 de
592 2386 688 2458 rebus,
705 2406 783 2464 quae
797 2385 933 2447 doctrina
952 2385 1052 2464 aliqua
1065 2406 1136 2447 con-

127 2483 300 2559 tinerentur,
323 2485 515 2563 disputarem.
559 2486 620 2546 Sed
643 2487 701 2545 hoc
724 2495 825 2545 tamen
846 2482 955 2545 cecidit
976 2483 1050 2543 mihi
1071 2505 1134 2563 per-

127 2595 304 2661 opportune,
320 2584 404 2661 quod
418 2582 573 2644 transactis
593 2582 652 2642 iam
672 2581 746 2642 meis
763 2581 896 2659 partibus
910 2582 950 2642 ad
964 2581 1132 2643 Antonium

125 2679 312 2742 audiendum
348 2681 488 2742 venistis)
551 2684 631 2740 Turn
674 2681 786 2742 Caesar
821 2678 1000 2757 ‘equidem’
1034 2678 1131 2756 inquit
1146 2685 1176 2736 16

82 2793 112 2842 ²5
127 2779 260 2852 ‘Crasse
285 2778 326 2839 ita
350 2799 416 2839 sum
442 2779 569 2857 cupidus
592 2778 624 2838 in
648 2777 698 2837 illa
720 2773 853 2854 longiore
878 2788 908 2837 te
929 2796 965 2836 ac
987 2787 1131 2854 perpetua

125 2874 328 2954 disputatione
350 2876 501 2951 audiendi,
526 2889 568 2951 ut,
588 2875 614 2936 si
633 2875 665 2936 id
690 2874 763 2934 mihi
783 2874 882 2934 minus
903 2873 1064 2950 contingat,
1083 2877 1130 2935 vel

123 2974 182 3034 hoc
197 2973 254 3034 sim
269 2973 422 3036 cotidiano
444 2986 498 3036 tuo
518 2994 657 3036 sermone
676 2983 854 3046 contentus;
878 2971 979 3049 itaque
998 2971 1130 3049 experiar

123 3069 264 3148 equidem
280 3071 362 3147 illud,
374 3084 407 3133 ut
421 3094 460 3134 ne
475 3072 624 3151 Sulpicius
633 3071 784 3132 familiaris
798 3090 884 3132 meus
898 3081 950 3130 aut
961 3071 1052 3131 Cotta
1061 3072 1128 3148 plus

122 3188 213 3246 quam
229 3189 285 3247 ego
303 3171 385 3248 apud
399 3181 429 3231 te
443 3173 540 3231 valere
557 3169 721 3243 videantur,
738 3181 767 3230 et
787 3181 816 3230 te
834 3168 963 3229 exorabo
982 3168 1124 3244 profecto,

76 3282 109 3332 30
122 3276 155 3325 ut
170 3265 243 3326 mihi
262 3287 384 3345 quoque
403 3279 433 3328 et
450 3269 560 3330 Catulo
575 3278 643 3327 tuae
657 3265 810 3327 suavitatis
828 3264 941 3344 aliquid
956 3263 1126 3343 impertias,

1152 1582 1174 1640 4

1155 1671 1183 1723 1⁵

153 3437 169 3482 3
188 3429 317 3483 temptans
328 3439 334 3470 ε
346 3423 385 3470 hic
395 3422 496 3471 redeunt
507 3422 540 3470 M
546 3423 583 3486 (=
596 3421 637 3487 H)
647 3438 673 3470 m
682 3419 720 3486 (ν-
733 3421 798 3485 Lag.
808 3423 852 3483 36)
929 3436 957 3482 η
975 3420 1084 3468 sentiam
1097 3436 1125 3468 m

123 3488 153 3534 18
170 3488 252 3548 magis
264 3487 330 3536 codd.
343 3504 349 3536 :
368 3488 408 3536 cui
421 3489 503 3549 magis
515 3487 618 3536 Muther
707 3503 740 3550 23
756 3487 871 3549 partibus
882 3487 950 3550 vulg.
961 3504 967 3537 :
985 3486 1082 3534 artibus
1094 3485 1125 3533 M

120 3567 152 3613 25
170 3560 197 3601 et
209 3553 289 3601 itaM
385 3556 419 3601 26
435 3554 475 3601 vel
487 3555 536 3602 hoc
548 3551 598 3603 Le:
619 3552 661 3601 vel
672 3560 700 3601 ut
712 3551 807 3601 hocM
903 3554 936 3600 28
953 3551 1016 3600 illud
1028 3550 1124 3599 om.M

120 3625 146 3666 et
158 3633 192 3666 ne
203 3617 235 3665 H
332 3634 365 3682 ις
381 3620 517 3667 videantur
529 3617 551 3665 L
563 3636 569 3667 :
585 3620 675 3667 videar
686 3616 729 3667 H:
747 3617 866 3666 videatur
877 3632 932 3671 νισι,
