<?xml version="1.0" encoding="UTF-8"?>
<!DOCTYPE html PUBLIC "-//W3C//DTD XHTML 1.0 Transitional//EN"
    "http://www.w3.org/TR/xhtml1/DTD/xhtml1-transitional.dtd">
<html xmlns="http://www.w3.org/1999/xhtml" xml:lang="en" lang="en">
 <head>
  <title>
</title>
<meta http-equiv="Content-Type" content="text/html;charset=utf-8" />
  <meta name='ocr-system' content='tesseract 3.04.00' />
  <meta name='ocr-capabilities' content='ocr_page ocr_carea ocr_par ocr_line ocrx_word'/>
</head>
<body>
  <div class='ocr_page' id='page_1' title='image "./mtvlliciceronis01wilkgoog/mtvlliciceronis01wilkgoog_0182.png"; bbox 0 0 2648 4216; ppageno 0'>
   <div class='ocr_carea' id='block_1_1' title="bbox 446 269 1246 352">
    <p class='ocr_par' dir='ltr' id='par_1_1' title="bbox 446 269 1246 352">
     <span class='ocr_line' id='line_1_1' title="bbox 446 269 1246 352; baseline 0.004 -15"><span class='ocrx_word' id='word_1_1' title='bbox 446 277 505 337; x_wconf 84' lang='lat' dir='ltr'>oa</span> <span class='ocrx_word' id='word_1_2' title='bbox 527 275 734 338; x_wconf 81' lang='lat' dir='ltr'>oxxrouu</span> <span class='ocrx_word' id='word_1_3' title='bbox 776 277 811 337; x_wconf 86' lang='lat'>11</span> <span class='ocrx_word' id='word_1_4' title='bbox 833 269 856 322; x_wconf 83' lang='lat'>.&#39;</span> <span class='ocrx_word' id='word_1_5' title='bbox 1147 278 1246 352; x_wconf 64' lang='lat' dir='ltr'>sossi</span> 
     </span>
    </p>
   </div>
   <div class='ocr_carea' id='block_1_2' title="bbox 96 434 1201 1203">
    <p class='ocr_par' dir='ltr' id='par_1_2' title="bbox 96 434 1201 1203">
     <span class='ocr_line' id='line_1_2' title="bbox 125 434 1139 522; baseline -0.001 -17"><span class='ocrx_word' id='word_1_6' title='bbox 125 450 220 506; x_wconf 87' lang='lat' dir='ltr'>artem</span> <span class='ocrx_word' id='word_1_7' title='bbox 233 434 324 522; x_wconf 84' lang='lat' dir='ltr'>quam</span> <span class='ocrx_word' id='word_1_8' title='bbox 339 443 501 506; x_wconf 86' lang='lat' dir='ltr'>memoriae</span> <span class='ocrx_word' id='word_1_9' title='bbox 516 443 637 518; x_wconf 88' lang='lat' dir='ltr'>malim;</span> <span class='ocrx_word' id='word_1_10' title='bbox 665 443 851 522; x_wconf 82' lang='lat' dir='ltr'>gratiamque</span> <span class='ocrx_word' id='word_1_11' title='bbox 872 445 971 507; x_wconf 88' lang='lat' dir='ltr'>habeo</span> <span class='ocrx_word' id='word_1_12' title='bbox 985 439 1139 506; x_wconf 86' lang='lat' dir='ltr'>Simonidi</span> 
     </span>
     <span class='ocr_line' id='line_1_3' title="bbox 125 541 1132 621; baseline 0 -19"><span class='ocrx_word' id='word_1_13' title='bbox 125 541 168 603; x_wconf 92' lang='lat' dir='ltr'>illi</span> <span class='ocrx_word' id='word_1_14' title='bbox 190 541 256 616; x_wconf 92' lang='lat' dir='ltr'>Cio,</span> <span class='ocrx_word' id='word_1_15' title='bbox 279 562 371 620; x_wconf 89' lang='lat' dir='ltr'>quem</span> <span class='ocrx_word' id='word_1_16' title='bbox 391 541 522 620; x_wconf 92' lang='lat' dir='ltr'>primum</span> <span class='ocrx_word' id='word_1_17' title='bbox 543 544 641 602; x_wconf 81' lang='lat' dir='ltr'>serunt</span> <span class='ocrx_word' id='word_1_18' title='bbox 662 553 757 603; x_wconf 88' lang='lat' dir='ltr'>artem</span> <span class='ocrx_word' id='word_1_19' title='bbox 782 542 945 605; x_wconf 85' lang='lat' dir='ltr'><strong>memoriae</strong></span> <span class='ocrx_word' id='word_1_20' title='bbox 966 542 1132 621; x_wconf 90' lang='lat' dir='ltr'>protulisse.</span> 
     </span>
     <span class='ocr_line' id='line_1_4' title="bbox 127 638 1194 713; baseline 0.001 -14"><span class='ocrx_word' id='word_1_21' title='bbox 127 638 241 699; x_wconf 89' lang='lat' dir='ltr'>Dicunt</span> <span class='ocrx_word' id='word_1_22' title='bbox 255 638 344 713; x_wconf 91' lang='lat' dir='ltr'>enim,</span> <span class='ocrx_word' id='word_1_23' title='bbox 355 659 425 700; x_wconf 91' lang='lat' dir='ltr'>cum</span> <span class='ocrx_word' id='word_1_24' title='bbox 440 649 559 699; x_wconf 85' lang='lat' dir='ltr'>cenaret</span> <span class='ocrx_word' id='word_1_25' title='bbox 571 640 733 700; x_wconf 88' lang='lat' dir='ltr'>Crannone</span> <span class='ocrx_word' id='word_1_26' title='bbox 748 638 779 698; x_wconf 92' lang='lat' dir='ltr'>in</span> <span class='ocrx_word' id='word_1_27' title='bbox 794 639 950 699; x_wconf 89' lang='lat' dir='ltr'>Thessalia</span> <span class='ocrx_word' id='word_1_28' title='bbox 963 639 1134 701; x_wconf 85' lang='lat' dir='ltr'>Simonides</span> <span class='ocrx_word' id='word_1_29' title='bbox 1149 658 1194 708; x_wconf 78' lang='lat'>352</span> 
     </span>
     <span class='ocr_line' id='line_1_5' title="bbox 124 734 1201 813; baseline 0.001 -17"><span class='ocrx_word' id='word_1_30' title='bbox 124 737 207 813; x_wconf 90' lang='lat' dir='ltr'>apud</span> <span class='ocrx_word' id='word_1_31' title='bbox 228 737 358 813; x_wconf 87' lang='lat' dir='ltr'>Scopam</span> <span class='ocrx_word' id='word_1_32' title='bbox 378 737 564 796; x_wconf 83' lang='lat' dir='ltr'>fortunatum</span> <span class='ocrx_word' id='word_1_33' title='bbox 585 734 741 796; x_wconf 93' lang='lat' dir='ltr'>hominem</span> <span class='ocrx_word' id='word_1_34' title='bbox 762 746 792 797; x_wconf 92' lang='lat' dir='ltr'>et</span> <span class='ocrx_word' id='word_1_35' title='bbox 814 736 947 797; x_wconf 92' lang='lat' dir='ltr'>nobilem</span> <span class='ocrx_word' id='word_1_36' title='bbox 968 737 1136 799; x_wconf 91' lang='lat' dir='ltr'>cecinisset·</span> <span class='ocrx_word' id='word_1_37' title='bbox 1200 783 1201 786; x_wconf 16' lang='grc' dir='ltr'>η</span> 
     </span>
     <span class='ocr_line' id='line_1_6' title="bbox 96 832 1137 912; baseline 0.001 -18"><span class='ocrx_word' id='word_1_38' title='bbox 96 854 186 912; x_wconf 79' lang='lat' dir='ltr'>5que</span> <span class='ocrx_word' id='word_1_39' title='bbox 213 834 245 895; x_wconf 95' lang='lat' dir='ltr'>id</span> <span class='ocrx_word' id='word_1_40' title='bbox 272 854 401 907; x_wconf 88' lang='lat' dir='ltr'>carmen,</span> <span class='ocrx_word' id='word_1_41' title='bbox 431 835 516 911; x_wconf 93' lang='lat' dir='ltr'>quod</span> <span class='ocrx_word' id='word_1_42' title='bbox 545 832 576 892; x_wconf 94' lang='lat' dir='ltr'>in</span> <span class='ocrx_word' id='word_1_43' title='bbox 604 853 675 894; x_wconf 89' lang='lat' dir='ltr'>eum</span> <span class='ocrx_word' id='word_1_44' title='bbox 703 833 877 912; x_wconf 88' lang='lat' dir='ltr'>scripsisset,</span> <span class='ocrx_word' id='word_1_45' title='bbox 901 834 933 894; x_wconf 93' lang='lat' dir='ltr'>in</span> <span class='ocrx_word' id='word_1_46' title='bbox 957 854 1020 912; x_wconf 93' lang='lat' dir='ltr'>quo</span> <span class='ocrx_word' id='word_1_47' title='bbox 1043 837 1137 896; x_wconf 85' lang='lat' dir='ltr'>multa</span> 
     </span>
     <span class='ocr_line' id='line_1_7' title="bbox 125 930 1140 1009; baseline 0.001 -17"><span class='ocrx_word' id='word_1_48' title='bbox 125 931 253 992; x_wconf 90' lang='lat' dir='ltr'>ornandi</span> <span class='ocrx_word' id='word_1_49' title='bbox 267 951 358 992; x_wconf 89' lang='lat' dir='ltr'>causa</span> <span class='ocrx_word' id='word_1_50' title='bbox 372 943 529 1009; x_wconf 87' lang='lat' dir='ltr'>poetarum</span> <span class='ocrx_word' id='word_1_51' title='bbox 544 948 628 992; x_wconf 91' lang='lat' dir='ltr'>more</span> <span class='ocrx_word' id='word_1_52' title='bbox 641 930 673 990; x_wconf 92' lang='lat' dir='ltr'>in</span> <span class='ocrx_word' id='word_1_53' title='bbox 695 933 852 993; x_wconf 88' lang='lat' dir='ltr'>Castorem</span> <span class='ocrx_word' id='word_1_54' title='bbox 870 930 980 1009; x_wconf 88' lang='lat' dir='ltr'>scripta</span> <span class='ocrx_word' id='word_1_55' title='bbox 994 944 1024 993; x_wconf 92' lang='lat' dir='ltr'>et</span> <span class='ocrx_word' id='word_1_56' title='bbox 1039 935 1140 993; x_wconf 53' lang='lat' dir='ltr'>Pollu‘</span> 
     </span>
     <span class='ocr_line' id='line_1_8' title="bbox 125 1026 1137 1101; baseline -0.001 -11"><span class='ocrx_word' id='word_1_57' title='bbox 125 1048 192 1090; x_wconf 88' lang='lat' dir='ltr'>cem</span> <span class='ocrx_word' id='word_1_58' title='bbox 216 1027 350 1101; x_wconf 83' lang='lat' dir='ltr'>fuissent,</span> <span class='ocrx_word' id='word_1_59' title='bbox 374 1027 463 1088; x_wconf 93' lang='lat' dir='ltr'>nimis</span> <span class='ocrx_word' id='word_1_60' title='bbox 485 1027 570 1088; x_wconf 94' lang='lat' dir='ltr'>illum</span> <span class='ocrx_word' id='word_1_61' title='bbox 595 1026 716 1088; x_wconf 92' lang='lat' dir='ltr'>sordide</span> <span class='ocrx_word' id='word_1_62' title='bbox 738 1027 887 1089; x_wconf 90' lang='lat' dir='ltr'>Simonidi</span> <span class='ocrx_word' id='word_1_63' title='bbox 911 1027 1020 1088; x_wconf 88' lang='lat' dir='ltr'>dixisse</span> <span class='ocrx_word' id='word_1_64' title='bbox 1041 1049 1073 1089; x_wconf 92' lang='lat' dir='ltr'>se</span> <span class='ocrx_word' id='word_1_65' title='bbox 1094 1029 1137 1089; x_wconf 93' lang='lat' dir='ltr'>di·</span> 
     </span>
     <span class='ocr_line' id='line_1_9' title="bbox 125 1125 1136 1203; baseline -0.001 -17"><span class='ocrx_word' id='word_1_66' title='bbox 125 1125 252 1187; x_wconf 88' lang='lat' dir='ltr'>midium</span> <span class='ocrx_word' id='word_1_67' title='bbox 266 1125 330 1187; x_wconf 92' lang='lat' dir='ltr'>eius</span> <span class='ocrx_word' id='word_1_68' title='bbox 344 1125 381 1199; x_wconf 93' lang='lat' dir='ltr'>ei,</span> <span class='ocrx_word' id='word_1_69' title='bbox 392 1126 475 1203; x_wconf 92' lang='lat' dir='ltr'>quod</span> <span class='ocrx_word' id='word_1_70' title='bbox 490 1136 595 1203; x_wconf 89' lang='lat' dir='ltr'>pactus</span> <span class='ocrx_word' id='word_1_71' title='bbox 609 1136 696 1198; x_wconf 91' lang='lat' dir='ltr'>esset,</span> <span class='ocrx_word' id='word_1_72' title='bbox 707 1144 762 1203; x_wconf 94' lang='lat' dir='ltr'>pro</span> <span class='ocrx_word' id='word_1_73' title='bbox 771 1125 823 1186; x_wconf 90' lang='lat' dir='ltr'>illo</span> <span class='ocrx_word' id='word_1_74' title='bbox 837 1125 969 1186; x_wconf 90' lang='lat' dir='ltr'>carmine</span> <span class='ocrx_word' id='word_1_75' title='bbox 977 1128 1136 1200; x_wconf 90' lang='lat' dir='ltr'>daturum;</span> 
     </span>
    </p>
   </div>
   <div class='ocr_carea' id='block_1_3' title="bbox 79 1228 1195 3440">
    <p class='ocr_par' dir='ltr' id='par_1_3' title="bbox 124 1228 1132 1309">
     <span class='ocr_line' id='line_1_10' title="bbox 124 1228 1132 1309; baseline -0.001 -17"><span class='ocrx_word' id='word_1_76' title='bbox 124 1230 273 1309; x_wconf 90' lang='lat' dir='ltr'>reliquum</span> <span class='ocrx_word' id='word_1_77' title='bbox 293 1250 312 1290; x_wconf 91' lang='lat' dir='ltr'>a</span> <span class='ocrx_word' id='word_1_78' title='bbox 332 1229 393 1291; x_wconf 89' lang='lat' dir='ltr'>suis</span> <span class='ocrx_word' id='word_1_79' title='bbox 415 1228 603 1307; x_wconf 90' lang='lat' dir='ltr'>Tyndaridis,</span> <span class='ocrx_word' id='word_1_80' title='bbox 620 1247 697 1306; x_wconf 93' lang='lat' dir='ltr'>quos</span> <span class='ocrx_word' id='word_1_81' title='bbox 719 1248 816 1306; x_wconf 90' lang='lat' dir='ltr'>aeque</span> <span class='ocrx_word' id='word_1_82' title='bbox 834 1231 992 1304; x_wconf 86' lang='lat' dir='ltr'>laudasset,</span> <span class='ocrx_word' id='word_1_83' title='bbox 1011 1242 1132 1308; x_wconf 81' lang='lat' dir='ltr'>peteret,</span> 
     </span>
    </p>

    <p class='ocr_par' dir='ltr' id='par_1_4' title="bbox 82 1326 1195 1796">
     <span class='ocr_line' id='line_1_11' title="bbox 82 1326 1195 1405; baseline 0.003 -16"><span class='ocrx_word' id='word_1_84' title='bbox 82 1346 112 1382; x_wconf 75' lang='grc' dir='ltr'>ω</span> <span class='ocrx_word' id='word_1_85' title='bbox 124 1328 149 1389; x_wconf 93' lang='lat' dir='ltr'>si</span> <span class='ocrx_word' id='word_1_86' title='bbox 163 1328 192 1390; x_wconf 92' lang='lat' dir='ltr'>ei</span> <span class='ocrx_word' id='word_1_87' title='bbox 205 1328 362 1389; x_wconf 87' lang='lat' dir='ltr'>videretur.</span> <span class='ocrx_word' id='word_1_88' title='bbox 406 1328 501 1388; x_wconf 93' lang='lat' dir='ltr'>Paulo</span> <span class='ocrx_word' id='word_1_89' title='bbox 516 1338 584 1405; x_wconf 94' lang='lat' dir='ltr'>post</span> <span class='ocrx_word' id='word_1_90' title='bbox 598 1346 664 1387; x_wconf 90' lang='lat' dir='ltr'>esse</span> <span class='ocrx_word' id='word_1_91' title='bbox 678 1329 776 1387; x_wconf 82' lang='lat' dir='ltr'>serunt</span> <span class='ocrx_word' id='word_1_92' title='bbox 790 1327 960 1388; x_wconf 88' lang='lat' dir='ltr'>nuntiatum</span> <span class='ocrx_word' id='word_1_93' title='bbox 975 1326 1131 1402; x_wconf 91' lang='lat' dir='ltr'>Simonidi,</span> <span class='ocrx_word' id='word_1_94' title='bbox 1146 1340 1195 1392; x_wconf 79' lang='lat'>353</span> 
     </span>
     <span class='ocr_line' id='line_1_12' title="bbox 124 1423 1183 1505; baseline -0.002 -18"><span class='ocrx_word' id='word_1_95' title='bbox 124 1437 158 1487; x_wconf 92' lang='lat' dir='ltr'>ut</span> <span class='ocrx_word' id='word_1_96' title='bbox 171 1425 323 1505; x_wconf 90' lang='lat' dir='ltr'>prodiret;</span> <span class='ocrx_word' id='word_1_97' title='bbox 343 1423 459 1486; x_wconf 85' lang='lat' dir='ltr'>iuvenis</span> <span class='ocrx_word' id='word_1_98' title='bbox 470 1435 548 1485; x_wconf 90' lang='lat' dir='ltr'>stare</span> <span class='ocrx_word' id='word_1_99' title='bbox 561 1426 601 1486; x_wconf 96' lang='lat' dir='ltr'>ad</span> <span class='ocrx_word' id='word_1_100' title='bbox 612 1424 732 1485; x_wconf 89' lang='lat' dir='ltr'>ianuam</span> <span class='ocrx_word' id='word_1_101' title='bbox 748 1426 810 1486; x_wconf 94' lang='lat' dir='ltr'>duo</span> <span class='ocrx_word' id='word_1_102' title='bbox 824 1426 981 1503; x_wconf 89' lang='lat' dir='ltr'>quosdam,</span> <span class='ocrx_word' id='word_1_103' title='bbox 997 1425 1050 1503; x_wconf 90' lang='lat' dir='ltr'>qui</span> <span class='ocrx_word' id='word_1_104' title='bbox 1064 1445 1134 1486; x_wconf 89' lang='lat' dir='ltr'>eum</span> <span class='ocrx_word' id='word_1_105' title='bbox 1181 1427 1183 1430; x_wconf 49' lang='lat'><em>⁴</em></span> 
     </span>
     <span class='ocr_line' id='line_1_13' title="bbox 124 1520 1135 1601; baseline 0 -18"><span class='ocrx_word' id='word_1_106' title='bbox 124 1542 235 1601; x_wconf 82' lang='lat' dir='ltr'>magno</span> <span class='ocrx_word' id='word_1_107' title='bbox 255 1542 347 1601; x_wconf 90' lang='lat' dir='ltr'>opere</span> <span class='ocrx_word' id='word_1_108' title='bbox 367 1532 545 1596; x_wconf 85' lang='lat' dir='ltr'>evocarent3</span> <span class='ocrx_word' id='word_1_109' title='bbox 575 1520 735 1582; x_wconf 88' lang='lat' dir='ltr'>surrexisse</span> <span class='ocrx_word' id='word_1_110' title='bbox 751 1520 845 1594; x_wconf 88' lang='lat' dir='ltr'>illum,</span> <span class='ocrx_word' id='word_1_111' title='bbox 865 1521 1008 1600; x_wconf 88' lang='lat' dir='ltr'>prodisse,</span> <span class='ocrx_word' id='word_1_112' title='bbox 1024 1521 1135 1583; x_wconf 90' lang='lat' dir='ltr'>vidisse</span> 
     </span>
     <span class='ocr_line' id='line_1_14' title="bbox 124 1617 1136 1698; baseline -0.001 -18"><span class='ocrx_word' id='word_1_113' title='bbox 124 1619 296 1681; x_wconf 92' lang='lat' dir='ltr'>neminem:</span> <span class='ocrx_word' id='word_1_114' title='bbox 323 1621 383 1680; x_wconf 93' lang='lat' dir='ltr'>hoc</span> <span class='ocrx_word' id='word_1_115' title='bbox 397 1618 516 1679; x_wconf 88' lang='lat' dir='ltr'>interim</span> <span class='ocrx_word' id='word_1_116' title='bbox 531 1618 628 1696; x_wconf 91' lang='lat' dir='ltr'>spatio</span> <span class='ocrx_word' id='word_1_117' title='bbox 642 1620 787 1679; x_wconf 86' lang='lat' dir='ltr'>conclave</span> <span class='ocrx_word' id='word_1_118' title='bbox 801 1617 884 1692; x_wconf 91' lang='lat' dir='ltr'>illud,</span> <span class='ocrx_word' id='word_1_119' title='bbox 899 1618 952 1680; x_wconf 93' lang='lat' dir='ltr'>ubi</span> <span class='ocrx_word' id='word_1_120' title='bbox 966 1622 1136 1698; x_wconf 87' lang='lat' dir='ltr'>epularetur</span> 
     </span>
     <span class='ocr_line' id='line_1_15' title="bbox 125 1715 1135 1796; baseline -0.002 -18"><span class='ocrx_word' id='word_1_121' title='bbox 125 1718 246 1796; x_wconf 87' lang='lat' dir='ltr'>Scopas,</span> <span class='ocrx_word' id='word_1_122' title='bbox 262 1716 451 1791; x_wconf 92' lang='lat' dir='ltr'>concidisse;</span> <span class='ocrx_word' id='word_1_123' title='bbox 472 1737 508 1777; x_wconf 89' lang='lat' dir='ltr'>ea</span> <span class='ocrx_word' id='word_1_124' title='bbox 521 1716 607 1776; x_wconf 89' lang='lat' dir='ltr'>ruina</span> <span class='ocrx_word' id='word_1_125' title='bbox 617 1715 717 1794; x_wconf 90' lang='lat' dir='ltr'>ipsum</span> <span class='ocrx_word' id='word_1_126' title='bbox 732 1734 801 1776; x_wconf 93' lang='lat' dir='ltr'>cum</span> <span class='ocrx_word' id='word_1_127' title='bbox 813 1715 948 1794; x_wconf 86' lang='lat' dir='ltr'>cognatis</span> <span class='ocrx_word' id='word_1_128' title='bbox 958 1736 1135 1795; x_wconf 92' lang='lat' dir='ltr'>oppressum</span> 
     </span>
    </p>

    <p class='ocr_par' dir='ltr' id='par_1_5' title="bbox 81 1812 1143 2280">
     <span class='ocr_line' id='line_1_16' title="bbox 81 1812 1135 1892; baseline 0.006 -23"><span class='ocrx_word' id='word_1_129' title='bbox 81 1835 109 1882; x_wconf 84' lang='lat'>15</span> <span class='ocrx_word' id='word_1_130' title='bbox 124 1812 186 1873; x_wconf 92' lang='lat' dir='ltr'>suis</span> <span class='ocrx_word' id='word_1_131' title='bbox 199 1813 352 1875; x_wconf 88' lang='lat' dir='ltr'>interisse:</span> <span class='ocrx_word' id='word_1_132' title='bbox 382 1833 459 1892; x_wconf 94' lang='lat' dir='ltr'>quos</span> <span class='ocrx_word' id='word_1_133' title='bbox 474 1833 543 1874; x_wconf 93' lang='lat' dir='ltr'>cum</span> <span class='ocrx_word' id='word_1_134' title='bbox 565 1815 690 1873; x_wconf 90' lang='lat' dir='ltr'>humare</span> <span class='ocrx_word' id='word_1_135' title='bbox 704 1814 815 1873; x_wconf 89' lang='lat' dir='ltr'>vellent</span> <span class='ocrx_word' id='word_1_136' title='bbox 834 1812 880 1874; x_wconf 93' lang='lat' dir='ltr'>sui</span> <span class='ocrx_word' id='word_1_137' title='bbox 899 1832 998 1891; x_wconf 90' lang='lat' dir='ltr'>neque</span> <span class='ocrx_word' id='word_1_138' title='bbox 1012 1825 1135 1892; x_wconf 92' lang='lat' dir='ltr'>possent</span> 
     </span>
     <span class='ocr_line' id='line_1_17' title="bbox 124 1896 1133 1984; baseline 0.001 -15"><span class='ocrx_word' id='word_1_139' title='bbox 124 1909 250 1970; x_wconf 89' lang='lat' dir='ltr'>obtritos</span> <span class='ocrx_word' id='word_1_140' title='bbox 272 1909 475 1971; x_wconf 90' lang='lat' dir='ltr'>internoscere</span> <span class='ocrx_word' id='word_1_141' title='bbox 496 1911 559 1970; x_wconf 91' lang='lat' dir='ltr'>ullo</span> <span class='ocrx_word' id='word_1_142' title='bbox 580 1911 684 1984; x_wconf 92' lang='lat' dir='ltr'>modo,</span> <span class='ocrx_word' id='word_1_143' title='bbox 706 1896 879 1970; x_wconf 89' lang='lat' dir='ltr'>Simonides</span> <span class='ocrx_word' id='word_1_144' title='bbox 900 1909 1009 1971; x_wconf 92' lang='lat' dir='ltr'>dieitur</span> <span class='ocrx_word' id='word_1_145' title='bbox 1029 1930 1065 1971; x_wconf 92' lang='lat' dir='ltr'>ex</span> <span class='ocrx_word' id='word_1_146' title='bbox 1086 1930 1133 1984; x_wconf 90' lang='lat' dir='ltr'>eo,</span> 
     </span>
     <span class='ocr_line' id='line_1_18' title="bbox 124 2006 1134 2085; baseline 0.001 -18"><span class='ocrx_word' id='word_1_147' title='bbox 124 2008 208 2084; x_wconf 92' lang='lat' dir='ltr'>quod</span> <span class='ocrx_word' id='word_1_148' title='bbox 230 2007 415 2068; x_wconf 90' lang='lat' dir='ltr'>meminisset</span> <span class='ocrx_word' id='word_1_149' title='bbox 439 2026 502 2085; x_wconf 89' lang='lat' dir='ltr'>quo</span> <span class='ocrx_word' id='word_1_150' title='bbox 524 2026 628 2067; x_wconf 90' lang='lat' dir='ltr'>eorum</span> <span class='ocrx_word' id='word_1_151' title='bbox 652 2009 721 2068; x_wconf 94' lang='lat' dir='ltr'>loco</span> <span class='ocrx_word' id='word_1_152' title='bbox 745 2006 875 2085; x_wconf 92' lang='lat' dir='ltr'>quisque</span> <span class='ocrx_word' id='word_1_153' title='bbox 899 2007 1060 2081; x_wconf 90' lang='lat' dir='ltr'>cubuisset,</span> <span class='ocrx_word' id='word_1_154' title='bbox 1084 2009 1134 2069; x_wconf 91' lang='lat' dir='ltr'>de-</span> 
     </span>
     <span class='ocr_line' id='line_1_19' title="bbox 125 2104 1142 2182; baseline 0.002 -18"><span class='ocrx_word' id='word_1_155' title='bbox 125 2116 305 2165; x_wconf 87' lang='lat' dir='ltr'>monstrator</span> <span class='ocrx_word' id='word_1_156' title='bbox 328 2105 417 2165; x_wconf 92' lang='lat' dir='ltr'>unius</span> <span class='ocrx_word' id='word_1_157' title='bbox 442 2104 588 2182; x_wconf 90' lang='lat' dir='ltr'>cuiusque</span> <span class='ocrx_word' id='word_1_158' title='bbox 610 2104 775 2182; x_wconf 91' lang='lat' dir='ltr'>sepeliendi</span> <span class='ocrx_word' id='word_1_159' title='bbox 797 2104 888 2166; x_wconf 85' lang='lat' dir='ltr'>fuisse</span> <span class='ocrx_word' id='word_1_160' title='bbox 899 2127 908 2181; x_wconf 83' lang='lat'>3</span> <span class='ocrx_word' id='word_1_161' title='bbox 939 2107 996 2166; x_wconf 87' lang='lat' dir='ltr'>hac</span> <span class='ocrx_word' id='word_1_162' title='bbox 1017 2116 1081 2166; x_wconf 92' lang='lat' dir='ltr'>tum</span> <span class='ocrx_word' id='word_1_163' title='bbox 1102 2125 1142 2166; x_wconf 92' lang='lat' dir='ltr'>re·</span> 
     </span>
     <span class='ocr_line' id='line_1_20' title="bbox 124 2201 1143 2280; baseline 0.001 -18"><span class='ocrx_word' id='word_1_164' title='bbox 124 2202 298 2262; x_wconf 89' lang='lat' dir='ltr'>admonitus</span> <span class='ocrx_word' id='word_1_165' title='bbox 333 2202 481 2263; x_wconf 90' lang='lat' dir='ltr'>invenisse</span> <span class='ocrx_word' id='word_1_166' title='bbox 511 2204 603 2262; x_wconf 85' lang='lat' dir='ltr'>fertur</span> <span class='ocrx_word' id='word_1_167' title='bbox 634 2201 771 2262; x_wconf 90' lang='lat' dir='ltr'>ordinem</span> <span class='ocrx_word' id='word_1_168' title='bbox 807 2222 873 2263; x_wconf 91' lang='lat' dir='ltr'>esse</span> <span class='ocrx_word' id='word_1_169' title='bbox 907 2202 1045 2276; x_wconf 90' lang='lat' dir='ltr'>maxime,</span> <span class='ocrx_word' id='word_1_170' title='bbox 1080 2202 1143 2280; x_wconf 51' lang='lat' dir='ltr'>qui¹</span> 
     </span>
    </p>

    <p class='ocr_par' dir='ltr' id='par_1_6' title="bbox 81 2298 1195 2791">
     <span class='ocr_line' id='line_1_21' title="bbox 81 2298 1195 2378; baseline 0.001 -20"><span class='ocrx_word' id='word_1_171' title='bbox 81 2323 112 2358; x_wconf 81' lang='lat'>20</span> <span class='ocrx_word' id='word_1_172' title='bbox 126 2299 287 2359; x_wconf 91' lang='lat' dir='ltr'>memoriae</span> <span class='ocrx_word' id='word_1_173' title='bbox 311 2301 414 2359; x_wconf 91' lang='lat' dir='ltr'>lumen</span> <span class='ocrx_word' id='word_1_174' title='bbox 441 2301 576 2360; x_wconf 79' lang='lat' dir='ltr'>adferret.</span> <span class='ocrx_word' id='word_1_175' title='bbox 622 2300 730 2376; x_wconf 88' lang='lat' dir='ltr'>Itaque</span> <span class='ocrx_word' id='word_1_176' title='bbox 754 2298 805 2372; x_wconf 91' lang='lat' dir='ltr'>eis,</span> <span class='ocrx_word' id='word_1_177' title='bbox 832 2299 884 2376; x_wconf 92' lang='lat' dir='ltr'>qui</span> <span class='ocrx_word' id='word_1_178' title='bbox 912 2300 990 2361; x_wconf 92' lang='lat' dir='ltr'>hanc</span> <span class='ocrx_word' id='word_1_179' title='bbox 1017 2311 1132 2378; x_wconf 87' lang='lat' dir='ltr'>partem</span> <span class='ocrx_word' id='word_1_180' title='bbox 1146 2319 1195 2369; x_wconf 78' lang='lat'>354</span> 
     </span>
     <span class='ocr_line' id='line_1_22' title="bbox 124 2394 1133 2474; baseline 0.001 -19"><span class='ocrx_word' id='word_1_181' title='bbox 124 2394 225 2473; x_wconf 85' lang='lat' dir='ltr'>ingeni</span> <span class='ocrx_word' id='word_1_182' title='bbox 239 2408 418 2470; x_wconf 87' lang='lat' dir='ltr'>exercerent,</span> <span class='ocrx_word' id='word_1_183' title='bbox 433 2398 517 2457; x_wconf 92' lang='lat' dir='ltr'>locos</span> <span class='ocrx_word' id='word_1_184' title='bbox 536 2415 601 2456; x_wconf 91' lang='lat' dir='ltr'>esse</span> <span class='ocrx_word' id='word_1_185' title='bbox 615 2395 779 2473; x_wconf 89' lang='lat' dir='ltr'>capiendos</span> <span class='ocrx_word' id='word_1_186' title='bbox 794 2407 823 2456; x_wconf 93' lang='lat' dir='ltr'>et</span> <span class='ocrx_word' id='word_1_187' title='bbox 838 2415 881 2468; x_wconf 81' lang='lat' dir='ltr'>ea,</span> <span class='ocrx_word' id='word_1_188' title='bbox 898 2416 975 2474; x_wconf 90' lang='lat' dir='ltr'>quae</span> <span class='ocrx_word' id='word_1_189' title='bbox 989 2396 1133 2456; x_wconf 90' lang='lat' dir='ltr'>memoria</span> 
     </span>
     <span class='ocr_line' id='line_1_23' title="bbox 124 2492 1134 2571; baseline 0 -19"><span class='ocrx_word' id='word_1_190' title='bbox 124 2495 226 2554; x_wconf 87' lang='lat' dir='ltr'>tenere</span> <span class='ocrx_word' id='word_1_191' title='bbox 250 2495 360 2554; x_wconf 89' lang='lat' dir='ltr'>vellent</span> <span class='ocrx_word' id='word_1_192' title='bbox 388 2494 557 2571; x_wconf 85' lang='lat' dir='ltr'>effingenda</span> <span class='ocrx_word' id='word_1_193' title='bbox 580 2492 682 2552; x_wconf 89' lang='lat' dir='ltr'>animo</span> <span class='ocrx_word' id='word_1_194' title='bbox 705 2504 796 2569; x_wconf 93' lang='lat' dir='ltr'>atque</span> <span class='ocrx_word' id='word_1_195' title='bbox 818 2492 850 2552; x_wconf 92' lang='lat' dir='ltr'>in</span> <span class='ocrx_word' id='word_1_196' title='bbox 873 2492 915 2552; x_wconf 90' lang='lat' dir='ltr'>eis</span> <span class='ocrx_word' id='word_1_197' title='bbox 937 2492 1011 2552; x_wconf 90' lang='lat' dir='ltr'>locis</span> <span class='ocrx_word' id='word_1_198' title='bbox 1032 2494 1134 2552; x_wconf 83' lang='lat' dir='ltr'>conlo</span> 
     </span>
     <span class='ocr_line' id='line_1_24' title="bbox 124 2589 1134 2665; baseline -0.002 -15"><span class='ocrx_word' id='word_1_199' title='bbox 124 2591 223 2651; x_wconf 91' lang='lat' dir='ltr'>canda</span> <span class='ocrx_word' id='word_1_200' title='bbox 233 2611 242 2665; x_wconf 78' lang='lat'>3</span> <span class='ocrx_word' id='word_1_201' title='bbox 273 2590 316 2652; x_wconf 94' lang='lat' dir='ltr'>sic</span> <span class='ocrx_word' id='word_1_202' title='bbox 337 2593 408 2665; x_wconf 85' lang='lat' dir='ltr'>fore,</span> <span class='ocrx_word' id='word_1_203' title='bbox 433 2603 466 2651; x_wconf 92' lang='lat' dir='ltr'>ut</span> <span class='ocrx_word' id='word_1_204' title='bbox 487 2589 623 2652; x_wconf 87' lang='lat' dir='ltr'>ordinem</span> <span class='ocrx_word' id='word_1_205' title='bbox 644 2609 743 2649; x_wconf 90' lang='lat' dir='ltr'>rerum</span> <span class='ocrx_word' id='word_1_206' title='bbox 765 2590 900 2650; x_wconf 91' lang='lat' dir='ltr'>locorum</span> <span class='ocrx_word' id='word_1_207' title='bbox 921 2591 996 2649; x_wconf 92' lang='lat' dir='ltr'>ordo</span> <span class='ocrx_word' id='word_1_208' title='bbox 1017 2608 1134 2649; x_wconf 90' lang='lat' dir='ltr'>conser-</span> 
     </span>
     <span class='ocr_line' id='line_1_25' title="bbox 125 2684 1162 2791; baseline -0.001 -45"><span class='ocrx_word' id='word_1_209' title='bbox 125 2698 215 2760; x_wconf 86' lang='lat' dir='ltr'>varet,</span> <span class='ocrx_word' id='word_1_210' title='bbox 231 2707 277 2748; x_wconf 88' lang='lat' dir='ltr'>res</span> <span class='ocrx_word' id='word_1_211' title='bbox 291 2700 392 2748; x_wconf 91' lang='lat' dir='ltr'>autem</span> <span class='ocrx_word' id='word_1_212' title='bbox 410 2687 489 2766; x_wconf 90' lang='lat' dir='ltr'>ipsas</span> <span class='ocrx_word' id='word_1_213' title='bbox 509 2706 607 2748; x_wconf 89' lang='lat' dir='ltr'>rerum</span> <span class='ocrx_word' id='word_1_214' title='bbox 629 2686 740 2764; x_wconf 86' lang='lat' dir='ltr'>effigies</span> <span class='ocrx_word' id='word_1_215' title='bbox 763 2698 879 2747; x_wconf 88' lang='lat' dir='ltr'>notaret</span> <span class='ocrx_word' id='word_1_216' title='bbox 900 2696 991 2764; x_wconf 91' lang='lat' dir='ltr'>atque</span> <span class='ocrx_word' id='word_1_217' title='bbox 1011 2696 1045 2745; x_wconf 93' lang='lat' dir='ltr'>ut</span> <span class='ocrx_word' id='word_1_218' title='bbox 1059 2684 1162 2791; x_wconf 81' lang='lat' dir='ltr'>locis8</span> 
     </span>
    </p>

    <p class='ocr_par' dir='ltr' id='par_1_7' title="bbox 81 2781 1133 3251">
     <span class='ocr_line' id='line_1_26' title="bbox 81 2781 1131 2862; baseline 0.001 -22"><span class='ocrx_word' id='word_1_219' title='bbox 81 2805 109 2854; x_wconf 83' lang='lat'>²5</span> <span class='ocrx_word' id='word_1_220' title='bbox 126 2802 180 2860; x_wconf 94' lang='lat' dir='ltr'>pro</span> <span class='ocrx_word' id='word_1_221' title='bbox 203 2804 278 2857; x_wconf 86' lang='lat' dir='ltr'>cera,</span> <span class='ocrx_word' id='word_1_222' title='bbox 302 2785 466 2846; x_wconf 91' lang='lat' dir='ltr'>simulacris</span> <span class='ocrx_word' id='word_1_223' title='bbox 487 2805 541 2862; x_wconf 95' lang='lat' dir='ltr'>pro</span> <span class='ocrx_word' id='word_1_224' title='bbox 563 2784 666 2845; x_wconf 91' lang='lat' dir='ltr'>litteris</span> <span class='ocrx_word' id='word_1_225' title='bbox 688 2795 845 2844; x_wconf 92' lang='lat' dir='ltr'>uteremur.</span> <span class='ocrx_word' id='word_1_226' title='bbox 890 2782 953 2859; x_wconf 91' lang='lat' dir='ltr'>Qui</span> <span class='ocrx_word' id='word_1_227' title='bbox 973 2781 1010 2842; x_wconf 93' lang='lat' dir='ltr'>sit</span> <span class='ocrx_word' id='word_1_228' title='bbox 1031 2792 1131 2842; x_wconf 88' lang='lat' dir='ltr'>autem</span> 
     </span>
     <span class='ocr_line' id='line_1_27' title="bbox 125 2878 1132 2960; baseline -0.001 -20"><span class='ocrx_word' id='word_1_229' title='bbox 125 2881 235 2942; x_wconf 91' lang='lat' dir='ltr'>oratori</span> <span class='ocrx_word' id='word_1_230' title='bbox 255 2881 417 2943; x_wconf 91' lang='lat' dir='ltr'>memoriae</span> <span class='ocrx_word' id='word_1_231' title='bbox 438 2885 559 2956; x_wconf 85' lang='lat' dir='ltr'>fructus,</span> <span class='ocrx_word' id='word_1_232' title='bbox 576 2893 689 2960; x_wconf 87' lang='lat' dir='ltr'>quanta</span> <span class='ocrx_word' id='word_1_233' title='bbox 710 2881 829 2955; x_wconf 87' lang='lat' dir='ltr'>utilitas,</span> <span class='ocrx_word' id='word_1_234' title='bbox 850 2892 963 2959; x_wconf 89' lang='lat' dir='ltr'>quanta</span> <span class='ocrx_word' id='word_1_235' title='bbox 983 2879 1035 2952; x_wconf 92' lang='lat' dir='ltr'>vis,</span> <span class='ocrx_word' id='word_1_236' title='bbox 1057 2878 1132 2957; x_wconf 92' lang='lat' dir='ltr'>quid</span> 
     </span>
     <span class='ocr_line' id='line_1_28' title="bbox 125 2975 1133 3056; baseline -0.002 -19"><span class='ocrx_word' id='word_1_237' title='bbox 125 2998 174 3038; x_wconf 90' lang='lat' dir='ltr'>me</span> <span class='ocrx_word' id='word_1_238' title='bbox 201 2978 307 3040; x_wconf 87' lang='lat' dir='ltr'>attinet</span> <span class='ocrx_word' id='word_1_239' title='bbox 335 2979 456 3040; x_wconf 84' lang='lat' dir='ltr'>dicere?</span> <span class='ocrx_word' id='word_1_240' title='bbox 491 2990 600 3052; x_wconf 90' lang='lat' dir='ltr'>tenere,</span> <span class='ocrx_word' id='word_1_241' title='bbox 626 2998 703 3056; x_wconf 89' lang='lat' dir='ltr'>quae</span> <span class='ocrx_word' id='word_1_242' title='bbox 731 2977 871 3039; x_wconf 93' lang='lat' dir='ltr'>didiceris</span> <span class='ocrx_word' id='word_1_243' title='bbox 898 2977 929 3037; x_wconf 92' lang='lat' dir='ltr'>in</span> <span class='ocrx_word' id='word_1_244' title='bbox 957 2975 1133 3055; x_wconf 89' lang='lat' dir='ltr'>accipienda</span> 
     </span>
     <span class='ocr_line' id='line_1_29' title="bbox 125 3074 1132 3156; baseline 0 -21"><span class='ocrx_word' id='word_1_245' title='bbox 125 3095 222 3148; x_wconf 85' lang='lat' dir='ltr'>causa,</span> <span class='ocrx_word' id='word_1_246' title='bbox 253 3096 330 3154; x_wconf 91' lang='lat' dir='ltr'>quae</span> <span class='ocrx_word' id='word_1_247' title='bbox 358 3076 422 3155; x_wconf 92' lang='lat' dir='ltr'>ipse</span> <span class='ocrx_word' id='word_1_248' title='bbox 449 3075 612 3156; x_wconf 84' lang='lat' dir='ltr'>cogitaris?</span> <span class='ocrx_word' id='word_1_249' title='bbox 646 3075 746 3136; x_wconf 90' lang='lat' dir='ltr'>omnis</span> <span class='ocrx_word' id='word_1_250' title='bbox 777 3077 850 3136; x_wconf 89' lang='lat' dir='ltr'>fixas</span> <span class='ocrx_word' id='word_1_251' title='bbox 878 3094 944 3136; x_wconf 91' lang='lat' dir='ltr'>esse</span> <span class='ocrx_word' id='word_1_252' title='bbox 972 3074 1003 3134; x_wconf 92' lang='lat' dir='ltr'>in</span> <span class='ocrx_word' id='word_1_253' title='bbox 1030 3074 1132 3135; x_wconf 89' lang='lat' dir='ltr'>animo</span> 
     </span>
     <span class='ocr_line' id='line_1_30' title="bbox 124 3171 1132 3251; baseline -0.001 -19"><span class='ocrx_word' id='word_1_254' title='bbox 124 3173 310 3233; x_wconf 84' lang='lat' dir='ltr'>sententias?</span> <span class='ocrx_word' id='word_1_255' title='bbox 344 3193 466 3234; x_wconf 89' lang='lat' dir='ltr'>omnem</span> <span class='ocrx_word' id='word_1_256' title='bbox 481 3172 663 3250; x_wconf 93' lang='lat' dir='ltr'>descriptum</span> <span class='ocrx_word' id='word_1_257' title='bbox 682 3173 841 3233; x_wconf 88' lang='lat' dir='ltr'>verborum</span> <span class='ocrx_word' id='word_1_258' title='bbox 860 3174 1057 3251; x_wconf 85' lang='lat' dir='ltr'>apparatum?</span> <span class='ocrx_word' id='word_1_259' title='bbox 1090 3171 1132 3232; x_wconf 88' lang='lat' dir='ltr'>ita</span> 
     </span>
    </p>

    <p class='ocr_par' dir='ltr' id='par_1_8' title="bbox 79 3268 1132 3440">
     <span class='ocr_line' id='line_1_31' title="bbox 79 3268 1130 3353; baseline -0.002 -23"><span class='ocrx_word' id='word_1_260' title='bbox 79 3294 111 3343; x_wconf 78' lang='lat'>3⁰</span> <span class='ocrx_word' id='word_1_261' title='bbox 124 3269 228 3330; x_wconf 83' lang='lat' dir='ltr'>audire</span> <span class='ocrx_word' id='word_1_262' title='bbox 241 3272 289 3330; x_wconf 89' lang='lat' dir='ltr'>vel</span> <span class='ocrx_word' id='word_1_263' title='bbox 303 3289 381 3343; x_wconf 91' lang='lat' dir='ltr'>eum,</span> <span class='ocrx_word' id='word_1_264' title='bbox 398 3272 480 3330; x_wconf 91' lang='lat' dir='ltr'>unde</span> <span class='ocrx_word' id='word_1_265' title='bbox 493 3269 600 3343; x_wconf 92' lang='lat' dir='ltr'>discas,</span> <span class='ocrx_word' id='word_1_266' title='bbox 611 3271 658 3330; x_wconf 90' lang='lat' dir='ltr'>vel</span> <span class='ocrx_word' id='word_1_267' title='bbox 673 3289 752 3342; x_wconf 89' lang='lat' dir='ltr'>eum,</span> <span class='ocrx_word' id='word_1_268' title='bbox 764 3268 814 3329; x_wconf 93' lang='lat' dir='ltr'>cui</span> <span class='ocrx_word' id='word_1_269' title='bbox 828 3270 1072 3346; x_wconf 89' lang='lat' dir='ltr'>respondendum</span> <span class='ocrx_word' id='word_1_270' title='bbox 1084 3268 1130 3353; x_wconf 82' lang='lat' dir='ltr'>sit,</span> 
     </span>
     <span class='ocr_line' id='line_1_32' title="bbox 125 3365 1132 3440; baseline 0.001 -15"><span class='ocrx_word' id='word_1_271' title='bbox 125 3376 158 3426; x_wconf 93' lang='lat' dir='ltr'>ut</span> <span class='ocrx_word' id='word_1_272' title='bbox 172 3365 214 3426; x_wconf 91' lang='lat' dir='ltr'>illi</span> <span class='ocrx_word' id='word_1_273' title='bbox 229 3385 291 3427; x_wconf 94' lang='lat' dir='ltr'>non</span> <span class='ocrx_word' id='word_1_274' title='bbox 308 3366 466 3428; x_wconf 86' lang='lat' dir='ltr'>infundere</span> <span class='ocrx_word' id='word_1_275' title='bbox 485 3366 517 3427; x_wconf 92' lang='lat' dir='ltr'>in</span> <span class='ocrx_word' id='word_1_276' title='bbox 536 3365 616 3427; x_wconf 90' lang='lat' dir='ltr'>auris</span> <span class='ocrx_word' id='word_1_277' title='bbox 633 3377 700 3427; x_wconf 90' lang='lat' dir='ltr'>tuas</span> <span class='ocrx_word' id='word_1_278' title='bbox 717 3365 892 3440; x_wconf 90' lang='lat' dir='ltr'>orationem,</span> <span class='ocrx_word' id='word_1_279' title='bbox 915 3369 970 3428; x_wconf 89' lang='lat' dir='ltr'>sed</span> <span class='ocrx_word' id='word_1_280' title='bbox 985 3365 1015 3426; x_wconf 93' lang='lat' dir='ltr'>in</span> <span class='ocrx_word' id='word_1_281' title='bbox 1029 3365 1132 3426; x_wconf 86' lang='lat' dir='ltr'>animo</span> 
     </span>
    </p>
   </div>
   <div class='ocr_carea' id='block_1_4' title="bbox 1145 2838 1194 2887">
    <p class='ocr_par' dir='ltr' id='par_1_9' title="bbox 1145 2838 1194 2887">
     <span class='ocr_line' id='line_1_33' title="bbox 1145 2838 1194 2887; baseline 0 0"><span class='ocrx_word' id='word_1_282' title='bbox 1145 2838 1194 2887; x_wconf 77' lang='lat'>355</span> 
     </span>
    </p>
   </div>
   <div class='ocr_carea' id='block_1_5' title="bbox 124 3513 1131 3714">
    <p class='ocr_par' dir='ltr' id='par_1_10' title="bbox 124 3513 1131 3714">
     <span class='ocr_line' id='line_1_34' title="bbox 158 3513 1131 3571; baseline 0.004 -4"><span class='ocrx_word' id='word_1_283' title='bbox 158 3519 191 3567; x_wconf 92' lang='lat' dir='ltr'><em>M</em></span> <span class='ocrx_word' id='word_1_284' title='bbox 201 3545 221 3562; x_wconf 96' lang='lat'>=</span> <span class='ocrx_word' id='word_1_285' title='bbox 235 3518 318 3569; x_wconf 84' lang='grc' dir='ltr'>ΑΕΗ</span> <span class='ocrx_word' id='word_1_286' title='bbox 418 3537 428 3570; x_wconf 92' lang='lat' dir='ltr'>r</span> <span class='ocrx_word' id='word_1_287' title='bbox 448 3513 586 3571; x_wconf 86' lang='lat' dir='ltr'>memoriae</span> <span class='ocrx_word' id='word_1_288' title='bbox 598 3537 649 3570; x_wconf 90' lang='lat' dir='ltr'>om.</span> <span class='ocrx_word' id='word_1_289' title='bbox 666 3520 700 3568; x_wconf 92' lang='lat' dir='ltr'><em>M</em></span> <span class='ocrx_word' id='word_1_290' title='bbox 707 3537 713 3568; x_wconf 75' lang='grc' dir='ltr'><strong>ε</strong></span> <span class='ocrx_word' id='word_1_291' title='bbox 732 3521 943 3571; x_wconf 84' lang='lat' dir='ltr'>recordationise</span> <span class='ocrx_word' id='word_1_292' title='bbox 1050 3539 1066 3571; x_wconf 82' lang='lat' dir='ltr'>a</span> <span class='ocrx_word' id='word_1_293' title='bbox 1083 3521 1131 3571; x_wconf 89' lang='lat' dir='ltr'>Cio</span> 
     </span>
     <span class='ocr_line' id='line_1_35' title="bbox 129 3585 1131 3649; baseline 0.002 -15"><span class='ocrx_word' id='word_1_294' title='bbox 129 3585 262 3636; x_wconf 77' lang='lat' dir='ltr'>Victorius:</span> <span class='ocrx_word' id='word_1_295' title='bbox 282 3587 348 3636; x_wconf 92' lang='lat' dir='ltr'>Chio</span> <span class='ocrx_word' id='word_1_296' title='bbox 360 3585 428 3636; x_wconf 86' lang='lat' dir='ltr'>codd.</span> <span class='ocrx_word' id='word_1_297' title='bbox 499 3603 526 3636; x_wconf 91' lang='lat'>11</span> <span class='ocrx_word' id='word_1_298' title='bbox 546 3589 611 3636; x_wconf 89' lang='lat' dir='ltr'>duos</span> <span class='ocrx_word' id='word_1_299' title='bbox 620 3585 670 3633; x_wconf 85' lang='lat' dir='ltr'>mL</span> <span class='ocrx_word' id='word_1_300' title='bbox 741 3602 771 3646; x_wconf 89' lang='lat'>14</span> <span class='ocrx_word' id='word_1_301' title='bbox 789 3602 875 3635; x_wconf 87' lang='lat' dir='ltr'>carum</span> <span class='ocrx_word' id='word_1_302' title='bbox 885 3587 969 3649; x_wconf 90' lang='lat' dir='ltr'>ipsum</span> <span class='ocrx_word' id='word_1_303' title='bbox 978 3586 1012 3634; x_wconf 92' lang='lat' dir='ltr'><em>M</em></span> <span class='ocrx_word' id='word_1_304' title='bbox 1073 3601 1131 3637; x_wconf 90' lang='lat' dir='ltr'>cum</span> 
     </span>
     <span class='ocr_line' id='line_1_36' title="bbox 124 3649 1090 3714; baseline -0.001 -14"><span class='ocrx_word' id='word_1_305' title='bbox 124 3652 180 3700; x_wconf 90' lang='lat' dir='ltr'>suis</span> <span class='ocrx_word' id='word_1_306' title='bbox 190 3651 213 3698; x_wconf 94' lang='lat' dir='ltr'><em>L</em></span> <span class='ocrx_word' id='word_1_307' title='bbox 313 3668 345 3712; x_wconf 75' lang='lat'>24</span> <span class='ocrx_word' id='word_1_308' title='bbox 363 3653 447 3714; x_wconf 85' lang='lat' dir='ltr'>effigie</span> <span class='ocrx_word' id='word_1_309' title='bbox 458 3649 491 3698; x_wconf 93' lang='lat' dir='ltr'><em>M</em></span> <span class='ocrx_word' id='word_1_310' title='bbox 585 3665 616 3712; x_wconf 81' lang='lat'>31</span> <span class='ocrx_word' id='word_1_311' title='bbox 637 3651 677 3700; x_wconf 90' lang='lat' dir='ltr'>vel</span> <span class='ocrx_word' id='word_1_312' title='bbox 690 3651 726 3699; x_wconf 92' lang='lat' dir='ltr'>illi</span> <span class='ocrx_word' id='word_1_313' title='bbox 739 3650 772 3699; x_wconf 95' lang='lat' dir='ltr'><em>M</em></span> <span class='ocrx_word' id='word_1_314' title='bbox 1088 3659 1090 3663; x_wconf 57' lang='lat'><strong><em>⁴</em></strong></span> 
     </span>
    </p>
   </div>
   <div class='ocr_carea' id='block_1_6' title="bbox 0 0 1328 4216">
    <p class='ocr_par' dir='ltr' id='par_1_11' title="bbox 0 0 1328 4216">
     <span class='ocr_line' id='line_1_37' title="bbox 0 0 1328 4216; baseline 0 1"><span class='ocrx_word' id='word_1_315' title='bbox 0 0 1328 4216; x_wconf 95' lang='lat' dir='ltr'> </span> 
     </span>
    </p>
   </div>
  </div>
 </body>
</html>
