<?xml version="1.0" encoding="UTF-8"?>
<!DOCTYPE html PUBLIC "-//W3C//DTD XHTML 1.0 Transitional//EN"
    "http://www.w3.org/TR/xhtml1/DTD/xhtml1-transitional.dtd">
<html xmlns="http://www.w3.org/1999/xhtml" xml:lang="en" lang="en">
 <head>
  <title>
</title>
<meta http-equiv="Content-Type" content="text/html;charset=utf-8" />
  <meta name='ocr-system' content='tesseract 3.04.00' />
  <meta name='ocr-capabilities' content='ocr_page ocr_carea ocr_par ocr_line ocrx_word'/>
</head>
<body>
  <div class='ocr_page' id='page_1' title='image "./mtvlliciceronis01wilkgoog/mtvlliciceronis01wilkgoog_0153.png"; bbox 0 0 2648 4216; ppageno 0'>
   <div class='ocr_carea' id='block_1_1' title="bbox 77 261 924 342">
    <p class='ocr_par' dir='ltr' id='par_1_1' title="bbox 77 261 924 342">
     <span class='ocr_line' id='line_1_1' title="bbox 77 261 924 342; baseline 0.006 -18"><span class='ocrx_word' id='word_1_1' title='bbox 77 261 183 342; x_wconf 58' lang='lat'>6024,</span> <span class='ocrx_word' id='word_1_2' title='bbox 474 269 517 328; x_wconf 89' lang='lat' dir='ltr'>M.</span> <span class='ocrx_word' id='word_1_3' title='bbox 540 269 669 328; x_wconf 77' lang='lat' dir='ltr'>rvnur</span> <span class='ocrx_word' id='word_1_4' title='bbox 691 268 924 331; x_wconf 82' lang='lat' dir='ltr'>crcuuours</span> 
     </span>
    </p>
   </div>
   <div class='ocr_carea' id='block_1_2' title="bbox 130 432 1251 3484">
    <p class='ocr_par' dir='ltr' id='par_1_2' title="bbox 130 432 1251 3484">
     <span class='ocr_line' id='line_1_2' title="bbox 194 432 1199 514; baseline 0.003 -21"><span class='ocrx_word' id='word_1_5' title='bbox 194 432 268 494; x_wconf 87' lang='lat' dir='ltr'>haec</span> <span class='ocrx_word' id='word_1_6' title='bbox 283 435 345 495; x_wconf 92' lang='lat' dir='ltr'>duo</span> <span class='ocrx_word' id='word_1_7' title='bbox 362 454 472 512; x_wconf 89' lang='lat' dir='ltr'>genera</span> <span class='ocrx_word' id='word_1_8' title='bbox 488 445 557 495; x_wconf 93' lang='lat' dir='ltr'>sunt</span> <span class='ocrx_word' id='word_1_9' title='bbox 578 435 642 496; x_wconf 91' lang='lat' dir='ltr'>eius</span> <span class='ocrx_word' id='word_1_10' title='bbox 659 434 784 508; x_wconf 77' lang='lat' dir='ltr'>ridiculi,</span> <span class='ocrx_word' id='word_1_11' title='bbox 800 437 883 513; x_wconf 93' lang='lat' dir='ltr'>quod</span> <span class='ocrx_word' id='word_1_12' title='bbox 900 433 932 495; x_wconf 92' lang='lat' dir='ltr'>in</span> <span class='ocrx_word' id='word_1_13' title='bbox 951 456 982 496; x_wconf 88' lang='lat' dir='ltr'>re</span> <span class='ocrx_word' id='word_1_14' title='bbox 999 433 1130 514; x_wconf 91' lang='lat' dir='ltr'>positum</span> <span class='ocrx_word' id='word_1_15' title='bbox 1145 449 1199 510; x_wconf 86' lang='lat' dir='ltr'>est,</span> 
     </span>
     <span class='ocr_line' id='line_1_3' title="bbox 192 531 1202 611; baseline 0.004 -21"><span class='ocrx_word' id='word_1_16' title='bbox 192 550 270 608; x_wconf 90' lang='lat' dir='ltr'>quae</span> <span class='ocrx_word' id='word_1_17' title='bbox 291 543 359 591; x_wconf 92' lang='lat' dir='ltr'>sunt</span> <span class='ocrx_word' id='word_1_18' title='bbox 380 531 498 610; x_wconf 90' lang='lat' dir='ltr'>propria</span> <span class='ocrx_word' id='word_1_19' title='bbox 522 544 732 610; x_wconf 89' lang='lat' dir='ltr'>perpetuarum</span> <span class='ocrx_word' id='word_1_20' title='bbox 757 531 938 606; x_wconf 84' lang='lat' dir='ltr'>facetiarum,</span> <span class='ocrx_word' id='word_1_21' title='bbox 964 532 996 593; x_wconf 92' lang='lat' dir='ltr'>in</span> <span class='ocrx_word' id='word_1_22' title='bbox 1019 532 1129 611; x_wconf 91' lang='lat' dir='ltr'>quibus</span> <span class='ocrx_word' id='word_1_23' title='bbox 1151 534 1202 594; x_wconf 90' lang='lat' dir='ltr'>de·</span> 
     </span>
     <span class='ocr_line' id='line_1_4' title="bbox 193 628 1201 708; baseline 0.002 -19"><span class='ocrx_word' id='word_1_24' title='bbox 193 629 361 690; x_wconf 89' lang='lat' dir='ltr'>scribuntur</span> <span class='ocrx_word' id='word_1_25' title='bbox 384 628 541 690; x_wconf 92' lang='lat' dir='ltr'>hominurn</span> <span class='ocrx_word' id='word_1_26' title='bbox 570 650 669 691; x_wconf 89' lang='lat' dir='ltr'>mores</span> <span class='ocrx_word' id='word_1_27' title='bbox 696 641 727 691; x_wconf 88' lang='lat' dir='ltr'>et</span> <span class='ocrx_word' id='word_1_28' title='bbox 754 629 796 690; x_wconf 90' lang='lat' dir='ltr'>ita</span> <span class='ocrx_word' id='word_1_29' title='bbox 823 631 1010 708; x_wconf 87' lang='lat' dir='ltr'>effinguntur,</span> <span class='ocrx_word' id='word_1_30' title='bbox 1036 642 1070 690; x_wconf 90' lang='lat' dir='ltr'>ut</span> <span class='ocrx_word' id='word_1_31' title='bbox 1094 642 1145 690; x_wconf 91' lang='lat' dir='ltr'>aut</span> <span class='ocrx_word' id='word_1_32' title='bbox 1169 651 1201 692; x_wconf 92' lang='lat' dir='ltr'>re</span> 
     </span>
     <span class='ocr_line' id='line_1_5' title="bbox 193 727 1202 806; baseline 0.002 -20"><span class='ocrx_word' id='word_1_33' title='bbox 193 738 309 787; x_wconf 89' lang='lat' dir='ltr'>narrata</span> <span class='ocrx_word' id='word_1_34' title='bbox 341 727 441 805; x_wconf 89' lang='lat' dir='ltr'>aliqua</span> <span class='ocrx_word' id='word_1_35' title='bbox 475 729 578 805; x_wconf 90' lang='lat' dir='ltr'>quales</span> <span class='ocrx_word' id='word_1_36' title='bbox 613 727 672 788; x_wconf 91' lang='lat' dir='ltr'>sint</span> <span class='ocrx_word' id='word_1_37' title='bbox 706 727 915 806; x_wconf 82' lang='lat' dir='ltr'>intellegantur</span> <span class='ocrx_word' id='word_1_38' title='bbox 948 740 1000 788; x_wconf 89' lang='lat' dir='ltr'>aut</span> <span class='ocrx_word' id='word_1_39' title='bbox 1034 727 1202 788; x_wconf 84' lang='lat' dir='ltr'>imitatione</span> 
     </span>
     <span class='ocr_line' id='line_1_6' title="bbox 192 824 1230 903; baseline -0.001 -18"><span class='ocrx_word' id='word_1_40' title='bbox 192 824 320 886; x_wconf 87' lang='lat' dir='ltr'>breviter</span> <span class='ocrx_word' id='word_1_41' title='bbox 339 824 449 886; x_wconf 89' lang='lat' dir='ltr'>iniecta</span> <span class='ocrx_word' id='word_1_42' title='bbox 464 824 496 885; x_wconf 92' lang='lat' dir='ltr'>in</span> <span class='ocrx_word' id='word_1_43' title='bbox 513 825 615 903; x_wconf 91' lang='lat' dir='ltr'>aliquo</span> <span class='ocrx_word' id='word_1_44' title='bbox 632 825 741 903; x_wconf 88' lang='lat' dir='ltr'>insigni</span> <span class='ocrx_word' id='word_1_45' title='bbox 759 827 798 886; x_wconf 90' lang='lat' dir='ltr'>ad</span> <span class='ocrx_word' id='word_1_46' title='bbox 819 825 1011 887; x_wconf 88' lang='lat' dir='ltr'>inridendum</span> <span class='ocrx_word' id='word_1_47' title='bbox 1026 825 1099 885; x_wconf 91' lang='lat' dir='ltr'>vitio</span> <span class='ocrx_word' id='word_1_48' title='bbox 1120 842 1230 903; x_wconf 82' lang='lat' dir='ltr'>repe-5</span> 
     </span>
     <span class='ocr_line' id='line_1_7' title="bbox 130 921 1203 1001; baseline 0.007 -25"><span class='ocrx_word' id='word_1_49' title='bbox 130 941 177 992; x_wconf 83' lang='lat'>244</span> <span class='ocrx_word' id='word_1_50' title='bbox 191 922 309 983; x_wconf 89' lang='lat' dir='ltr'>riantur.</span> <span class='ocrx_word' id='word_1_51' title='bbox 355 924 392 982; x_wconf 92' lang='lat' dir='ltr'>In</span> <span class='ocrx_word' id='word_1_52' title='bbox 413 921 496 983; x_wconf 92' lang='lat' dir='ltr'>dicto</span> <span class='ocrx_word' id='word_1_53' title='bbox 516 934 617 983; x_wconf 90' lang='lat' dir='ltr'>autem</span> <span class='ocrx_word' id='word_1_54' title='bbox 636 922 795 983; x_wconf 90' lang='lat' dir='ltr'>ridiculum</span> <span class='ocrx_word' id='word_1_55' title='bbox 817 923 920 995; x_wconf 92' lang='lat' dir='ltr'>estid,</span> <span class='ocrx_word' id='word_1_56' title='bbox 940 925 1023 1001; x_wconf 95' lang='lat' dir='ltr'>quod</span> <span class='ocrx_word' id='word_1_57' title='bbox 1045 922 1128 983; x_wconf 89' lang='lat' dir='ltr'>verbi</span> <span class='ocrx_word' id='word_1_58' title='bbox 1150 934 1203 983; x_wconf 91' lang='lat' dir='ltr'>aut</span> 
     </span>
     <span class='ocr_line' id='line_1_8' title="bbox 191 1021 1203 1100; baseline 0 -18"><span class='ocrx_word' id='word_1_59' title='bbox 191 1021 355 1083; x_wconf 90' lang='lat' dir='ltr'>sententiae</span> <span class='ocrx_word' id='word_1_60' title='bbox 377 1024 510 1100; x_wconf 92' lang='lat' dir='ltr'>quodam</span> <span class='ocrx_word' id='word_1_61' title='bbox 529 1021 668 1082; x_wconf 89' lang='lat' dir='ltr'>acumine</span> <span class='ocrx_word' id='word_1_62' title='bbox 688 1032 824 1083; x_wconf 89' lang='lat' dir='ltr'>movetur</span> <span class='ocrx_word' id='word_1_63' title='bbox 833 1043 842 1096; x_wconf 86' lang='lat'>;</span> <span class='ocrx_word' id='word_1_64' title='bbox 870 1023 924 1081; x_wconf 92' lang='lat' dir='ltr'>sed</span> <span class='ocrx_word' id='word_1_65' title='bbox 943 1033 976 1081; x_wconf 92' lang='lat' dir='ltr'>ut</span> <span class='ocrx_word' id='word_1_66' title='bbox 995 1021 1027 1081; x_wconf 94' lang='lat' dir='ltr'>in</span> <span class='ocrx_word' id='word_1_67' title='bbox 1046 1021 1098 1081; x_wconf 93' lang='lat' dir='ltr'>illo</span> <span class='ocrx_word' id='word_1_68' title='bbox 1117 1041 1203 1099; x_wconf 91' lang='lat' dir='ltr'>supe·</span> 
     </span>
     <span class='ocr_line' id='line_1_9' title="bbox 191 1118 1203 1197; baseline 0 -19"><span class='ocrx_word' id='word_1_69' title='bbox 191 1119 266 1180; x_wconf 87' lang='lat' dir='ltr'>riore</span> <span class='ocrx_word' id='word_1_70' title='bbox 280 1139 388 1197; x_wconf 86' lang='lat' dir='ltr'>genere</span> <span class='ocrx_word' id='word_1_71' title='bbox 402 1121 448 1180; x_wconf 93' lang='lat' dir='ltr'>vel</span> <span class='ocrx_word' id='word_1_72' title='bbox 462 1118 638 1180; x_wconf 88' lang='lat' dir='ltr'>narrationis</span> <span class='ocrx_word' id='word_1_73' title='bbox 652 1120 700 1180; x_wconf 90' lang='lat' dir='ltr'>vel</span> <span class='ocrx_word' id='word_1_74' title='bbox 714 1118 888 1179; x_wconf 88' lang='lat' dir='ltr'>imitationis</span> <span class='ocrx_word' id='word_1_75' title='bbox 902 1119 1024 1178; x_wconf 90' lang='lat' dir='ltr'>vitanda</span> <span class='ocrx_word' id='word_1_76' title='bbox 1038 1130 1083 1179; x_wconf 92' lang='lat' dir='ltr'>est</span> <span class='ocrx_word' id='word_1_77' title='bbox 1097 1118 1203 1178; x_wconf 90' lang='lat' dir='ltr'>mimo-</span> 
     </span>
     <span class='ocr_line' id='line_1_10' title="bbox 191 1215 1202 1294; baseline -0.004 -17"><span class='ocrx_word' id='word_1_78' title='bbox 191 1238 257 1277; x_wconf 89' lang='lat' dir='ltr'>rum</span> <span class='ocrx_word' id='word_1_79' title='bbox 279 1227 309 1278; x_wconf 88' lang='lat' dir='ltr'>et</span> <span class='ocrx_word' id='word_1_80' title='bbox 329 1218 536 1294; x_wconf 90' lang='lat' dir='ltr'>ethologorum</span> <span class='ocrx_word' id='word_1_81' title='bbox 558 1217 731 1290; x_wconf 91' lang='lat' dir='ltr'>similitudo,</span> <span class='ocrx_word' id='word_1_82' title='bbox 747 1217 790 1277; x_wconf 91' lang='lat' dir='ltr'>sic</span> <span class='ocrx_word' id='word_1_83' title='bbox 810 1216 842 1276; x_wconf 88' lang='lat' dir='ltr'>in</span> <span class='ocrx_word' id='word_1_84' title='bbox 863 1217 923 1277; x_wconf 93' lang='lat' dir='ltr'>hoc</span> <span class='ocrx_word' id='word_1_85' title='bbox 944 1215 1072 1276; x_wconf 90' lang='lat' dir='ltr'>scurrilis</span> <span class='ocrx_word' id='word_1_86' title='bbox 1092 1215 1202 1276; x_wconf 89' lang='lat' dir='ltr'>oratori</span> 
     </span>
     <span class='ocr_line' id='line_1_11' title="bbox 191 1312 1250 1393; baseline -0.007 -18"><span class='ocrx_word' id='word_1_87' title='bbox 191 1314 332 1375; x_wconf 90' lang='lat' dir='ltr'>dicacitas</span> <span class='ocrx_word' id='word_1_88' title='bbox 354 1335 463 1392; x_wconf 88' lang='lat' dir='ltr'>magno</span> <span class='ocrx_word' id='word_1_89' title='bbox 484 1334 575 1393; x_wconf 91' lang='lat' dir='ltr'>opere</span> <span class='ocrx_word' id='word_1_90' title='bbox 596 1314 737 1391; x_wconf 89' lang='lat' dir='ltr'>fugienda</span> <span class='ocrx_word' id='word_1_91' title='bbox 757 1325 810 1374; x_wconf 91' lang='lat' dir='ltr'>est</span> <span class='ocrx_word' id='word_1_92' title='bbox 855 1313 916 1389; x_wconf 89' lang='lat' dir='ltr'>Qui</span> <span class='ocrx_word' id='word_1_93' title='bbox 936 1313 1024 1390; x_wconf 90' lang='lat' dir='ltr'>igitur</span> <span class='ocrx_word' id='word_1_94' title='bbox 1042 1312 1202 1390; x_wconf 88' lang='lat' dir='ltr'>distingue·</span> <span class='ocrx_word' id='word_1_95' title='bbox 1218 1335 1250 1369; x_wconf 88' lang='lat' dir='ltr'>ro</span> 
     </span>
     <span class='ocr_line' id='line_1_12' title="bbox 191 1409 1202 1486; baseline 0 -16"><span class='ocrx_word' id='word_1_96' title='bbox 191 1431 259 1471; x_wconf 92' lang='lat' dir='ltr'>mus</span> <span class='ocrx_word' id='word_1_97' title='bbox 289 1432 308 1471; x_wconf 90' lang='lat' dir='ltr'>a</span> <span class='ocrx_word' id='word_1_98' title='bbox 335 1412 451 1486; x_wconf 88' lang='lat' dir='ltr'>Crasso,</span> <span class='ocrx_word' id='word_1_99' title='bbox 481 1431 500 1472; x_wconf 90' lang='lat' dir='ltr'>a</span> <span class='ocrx_word' id='word_1_100' title='bbox 532 1413 650 1484; x_wconf 93' lang='lat' dir='ltr'>Catulo,</span> <span class='ocrx_word' id='word_1_101' title='bbox 680 1432 699 1472; x_wconf 91' lang='lat' dir='ltr'>a</span> <span class='ocrx_word' id='word_1_102' title='bbox 728 1411 834 1472; x_wconf 87' lang='lat' dir='ltr'>ceteris</span> <span class='ocrx_word' id='word_1_103' title='bbox 866 1409 1042 1471; x_wconf 82' lang='lat' dir='ltr'>familiarem</span> <span class='ocrx_word' id='word_1_104' title='bbox 1071 1422 1202 1471; x_wconf 89' lang='lat' dir='ltr'>vestrum</span> 
     </span>
     <span class='ocr_line' id='line_1_13' title="bbox 192 1508 1203 1588; baseline -0.003 -18"><span class='ocrx_word' id='word_1_105' title='bbox 192 1508 337 1570; x_wconf 86' lang='lat' dir='ltr'>Granium</span> <span class='ocrx_word' id='word_1_106' title='bbox 358 1520 410 1570; x_wconf 88' lang='lat' dir='ltr'>aut</span> <span class='ocrx_word' id='word_1_107' title='bbox 424 1511 586 1588; x_wconf 88' lang='lat' dir='ltr'>Vargulam</span> <span class='ocrx_word' id='word_1_108' title='bbox 607 1509 739 1570; x_wconf 91' lang='lat' dir='ltr'>amicum</span> <span class='ocrx_word' id='word_1_109' title='bbox 756 1511 883 1570; x_wconf 89' lang='lat' dir='ltr'>meum?</span> <span class='ocrx_word' id='word_1_110' title='bbox 925 1510 998 1568; x_wconf 92' lang='lat' dir='ltr'>Non</span> <span class='ocrx_word' id='word_1_111' title='bbox 1015 1529 1064 1569; x_wconf 91' lang='lat' dir='ltr'>me</span> <span class='ocrx_word' id='word_1_112' title='bbox 1082 1510 1203 1568; x_wconf 86' lang='lat' dir='ltr'>hercule</span> 
     </span>
     <span class='ocr_line' id='line_1_14' title="bbox 191 1605 1203 1686; baseline 0 -19"><span class='ocrx_word' id='word_1_113' title='bbox 191 1605 223 1667; x_wconf 93' lang='lat' dir='ltr'>in</span> <span class='ocrx_word' id='word_1_114' title='bbox 238 1618 370 1668; x_wconf 87' lang='lat' dir='ltr'>mentem</span> <span class='ocrx_word' id='word_1_115' title='bbox 390 1606 464 1667; x_wconf 89' lang='lat' dir='ltr'>mihi</span> <span class='ocrx_word' id='word_1_116' title='bbox 479 1607 603 1686; x_wconf 89' lang='lat' dir='ltr'>quidem</span> <span class='ocrx_word' id='word_1_117' title='bbox 616 1607 716 1668; x_wconf 89' lang='lat' dir='ltr'>venit:</span> <span class='ocrx_word' id='word_1_118' title='bbox 737 1618 808 1668; x_wconf 90' lang='lat' dir='ltr'>sunt</span> <span class='ocrx_word' id='word_1_119' title='bbox 826 1607 907 1669; x_wconf 92' lang='lat' dir='ltr'>enim</span> <span class='ocrx_word' id='word_1_120' title='bbox 927 1606 1046 1667; x_wconf 88' lang='lat' dir='ltr'>dicaces</span> <span class='ocrx_word' id='word_1_121' title='bbox 1055 1629 1064 1682; x_wconf 85' lang='lat'>3</span> <span class='ocrx_word' id='word_1_122' title='bbox 1090 1605 1203 1667; x_wconf 87' lang='lat' dir='ltr'>Granio</span> 
     </span>
     <span class='ocr_line' id='line_1_15' title="bbox 192 1704 1204 1784; baseline -0.001 -20"><span class='ocrx_word' id='word_1_123' title='bbox 192 1704 316 1783; x_wconf 91' lang='lat' dir='ltr'>quidem</span> <span class='ocrx_word' id='word_1_124' title='bbox 331 1725 420 1766; x_wconf 92' lang='lat' dir='ltr'>nemo</span> <span class='ocrx_word' id='word_1_125' title='bbox 435 1705 572 1768; x_wconf 89' lang='lat' dir='ltr'>dicacior.</span> <span class='ocrx_word' id='word_1_126' title='bbox 618 1709 698 1778; x_wconf 88' lang='lat' dir='ltr'>Hoc,</span> <span class='ocrx_word' id='word_1_127' title='bbox 711 1705 825 1784; x_wconf 91' lang='lat' dir='ltr'>opinor,</span> <span class='ocrx_word' id='word_1_128' title='bbox 841 1704 980 1784; x_wconf 89' lang='lat' dir='ltr'>primum,</span> <span class='ocrx_word' id='word_1_129' title='bbox 993 1725 1040 1777; x_wconf 92' lang='lat' dir='ltr'>ne,</span> <span class='ocrx_word' id='word_1_130' title='bbox 1053 1704 1204 1781; x_wconf 92' lang='lat' dir='ltr'>quotiens-</span> 
     </span>
     <span class='ocr_line' id='line_1_16' title="bbox 192 1801 1250 1882; baseline -0.005 -19"><span class='ocrx_word' id='word_1_131' title='bbox 192 1822 323 1881; x_wconf 89' lang='lat' dir='ltr'>cumque</span> <span class='ocrx_word' id='word_1_132' title='bbox 350 1803 480 1882; x_wconf 91' lang='lat' dir='ltr'>potuerit</span> <span class='ocrx_word' id='word_1_133' title='bbox 507 1804 622 1864; x_wconf 91' lang='lat' dir='ltr'>dictum</span> <span class='ocrx_word' id='word_1_134' title='bbox 651 1803 720 1878; x_wconf 90' lang='lat' dir='ltr'>dici,</span> <span class='ocrx_word' id='word_1_135' title='bbox 750 1823 872 1864; x_wconf 91' lang='lat' dir='ltr'>necesse</span> <span class='ocrx_word' id='word_1_136' title='bbox 900 1804 1065 1863; x_wconf 90' lang='lat' dir='ltr'>habeamus</span> <span class='ocrx_word' id='word_1_137' title='bbox 1093 1801 1201 1863; x_wconf 89' lang='lat' dir='ltr'>dicere.</span> <span class='ocrx_word' id='word_1_138' title='bbox 1220 1822 1250 1872; x_wconf 81' lang='lat'>15</span> 
     </span>
     <span class='ocr_line' id='line_1_17' title="bbox 130 1899 1204 1980; baseline -0.003 -19"><span class='ocrx_word' id='word_1_139' title='bbox 130 1917 177 1968; x_wconf 82' lang='lat'>245</span> <span class='ocrx_word' id='word_1_140' title='bbox 193 1901 322 1963; x_wconf 92' lang='lat' dir='ltr'>Pusillus</span> <span class='ocrx_word' id='word_1_141' title='bbox 341 1901 424 1962; x_wconf 91' lang='lat' dir='ltr'>testis</span> <span class='ocrx_word' id='word_1_142' title='bbox 445 1901 596 1980; x_wconf 84' lang='lat' dir='ltr'>processit</span> <span class='ocrx_word' id='word_1_143' title='bbox 640 1901 762 1962; x_wconf 87' lang='lat' dir='ltr'>‘Licet&#39;</span> <span class='ocrx_word' id='word_1_144' title='bbox 777 1900 874 1978; x_wconf 88' lang='lat' dir='ltr'>inquit</span> <span class='ocrx_word' id='word_1_145' title='bbox 891 1904 1011 1978; x_wconf 88' lang='lat' dir='ltr'>‘rogare</span> <span class='ocrx_word' id='word_1_146' title='bbox 1022 1902 1051 1959; x_wconf 89' lang='lat'>?&#39;</span> <span class='ocrx_word' id='word_1_147' title='bbox 1094 1899 1204 1978; x_wconf 89' lang='lat' dir='ltr'>Philip-</span> 
     </span>
     <span class='ocr_line' id='line_1_18' title="bbox 192 1996 1204 2078; baseline 0 -20"><span class='ocrx_word' id='word_1_148' title='bbox 192 2019 256 2078; x_wconf 91' lang='lat' dir='ltr'>pus.</span> <span class='ocrx_word' id='word_1_149' title='bbox 300 2001 381 2060; x_wconf 92' lang='lat' dir='ltr'>Tum</span> <span class='ocrx_word' id='word_1_150' title='bbox 401 1998 550 2078; x_wconf 90' lang='lat' dir='ltr'>quaesitor</span> <span class='ocrx_word' id='word_1_151' title='bbox 570 2019 733 2076; x_wconf 87' lang='lat' dir='ltr'>properans</span> <span class='ocrx_word' id='word_1_152' title='bbox 750 2001 861 2059; x_wconf 90' lang='lat' dir='ltr'>‘modo</span> <span class='ocrx_word' id='word_1_153' title='bbox 881 1996 1028 2059; x_wconf 67' lang='lat' dir='ltr'>breviter!</span> <span class='ocrx_word' id='word_1_154' title='bbox 1071 1996 1132 2057; x_wconf 91' lang='lat' dir='ltr'>Hic</span> <span class='ocrx_word' id='word_1_155' title='bbox 1153 1997 1204 2058; x_wconf 92' lang='lat' dir='ltr'>ille</span> 
     </span>
     <span class='ocr_line' id='line_1_19' title="bbox 195 2095 1204 2175; baseline 0 -19"><span class='ocrx_word' id='word_1_156' title='bbox 195 2099 274 2157; x_wconf 90' lang='lat' dir='ltr'>‘non</span> <span class='ocrx_word' id='word_1_157' title='bbox 287 2097 460 2158; x_wconf 87' lang='lat' dir='ltr'>accusabis:</span> <span class='ocrx_word' id='word_1_158' title='bbox 481 2096 676 2174; x_wconf 85' lang='lat' dir='ltr'>perpusillum</span> <span class='ocrx_word' id='word_1_159' title='bbox 690 2097 821 2175; x_wconf 72' lang='lat' dir='ltr'>rogabo!</span> <span class='ocrx_word' id='word_1_160' title='bbox 853 2095 1001 2156; x_wconf 91' lang='lat' dir='ltr'>Ridicule.</span> <span class='ocrx_word' id='word_1_161' title='bbox 1045 2097 1106 2156; x_wconf 93' lang='lat' dir='ltr'>Sed</span> <span class='ocrx_word' id='word_1_162' title='bbox 1120 2097 1204 2156; x_wconf 91' lang='lat' dir='ltr'>sede-</span> 
     </span>
     <span class='ocr_line' id='line_1_20' title="bbox 194 2192 1203 2273; baseline -0.001 -19"><span class='ocrx_word' id='word_1_163' title='bbox 194 2194 246 2254; x_wconf 90' lang='lat' dir='ltr'>bat</span> <span class='ocrx_word' id='word_1_164' title='bbox 259 2193 349 2255; x_wconf 88' lang='lat' dir='ltr'>iudex</span> <span class='ocrx_word' id='word_1_165' title='bbox 364 2197 396 2254; x_wconf 89' lang='lat' dir='ltr'>L.</span> <span class='ocrx_word' id='word_1_166' title='bbox 413 2193 536 2255; x_wconf 86' lang='lat' dir='ltr'>Aurifex</span> <span class='ocrx_word' id='word_1_167' title='bbox 549 2193 667 2255; x_wconf 89' lang='lat' dir='ltr'>brevior</span> <span class='ocrx_word' id='word_1_168' title='bbox 680 2193 745 2273; x_wconf 91' lang='lat' dir='ltr'>ipse</span> <span class='ocrx_word' id='word_1_169' title='bbox 759 2214 850 2272; x_wconf 92' lang='lat' dir='ltr'>quarn</span> <span class='ocrx_word' id='word_1_170' title='bbox 864 2193 947 2254; x_wconf 92' lang='lat' dir='ltr'>testis</span> <span class='ocrx_word' id='word_1_171' title='bbox 967 2192 1076 2253; x_wconf 88' lang='lat' dir='ltr'>etiam:</span> <span class='ocrx_word' id='word_1_172' title='bbox 1104 2193 1203 2253; x_wconf 89' lang='lat' dir='ltr'>omnis</span> 
     </span>
     <span class='ocr_line' id='line_1_21' title="bbox 194 2290 1250 2366; baseline -0.001 -14"><span class='ocrx_word' id='word_1_173' title='bbox 194 2303 239 2352; x_wconf 90' lang='lat' dir='ltr'>est</span> <span class='ocrx_word' id='word_1_174' title='bbox 261 2291 336 2352; x_wconf 91' lang='lat' dir='ltr'>risus</span> <span class='ocrx_word' id='word_1_175' title='bbox 357 2291 389 2352; x_wconf 91' lang='lat' dir='ltr'>in</span> <span class='ocrx_word' id='word_1_176' title='bbox 412 2291 544 2353; x_wconf 93' lang='lat' dir='ltr'>iudicem</span> <span class='ocrx_word' id='word_1_177' title='bbox 568 2313 748 2366; x_wconf 82' lang='lat' dir='ltr'>conversus3</span> <span class='ocrx_word' id='word_1_178' title='bbox 776 2291 874 2352; x_wconf 86' lang='lat' dir='ltr'>visum</span> <span class='ocrx_word' id='word_1_179' title='bbox 896 2303 941 2352; x_wconf 89' lang='lat' dir='ltr'>est</span> <span class='ocrx_word' id='word_1_180' title='bbox 963 2303 1061 2352; x_wconf 92' lang='lat' dir='ltr'>totum</span> <span class='ocrx_word' id='word_1_181' title='bbox 1082 2290 1203 2351; x_wconf 89' lang='lat' dir='ltr'>scurrile</span> <span class='ocrx_word' id='word_1_182' title='bbox 1218 2315 1250 2351; x_wconf 85' lang='lat'>20</span> 
     </span>
     <span class='ocr_line' id='line_1_22' title="bbox 193 2388 1201 2468; baseline -0.003 -18"><span class='ocrx_word' id='word_1_183' title='bbox 193 2389 360 2451; x_wconf 90' lang='lat' dir='ltr'>ridiculum.</span> <span class='ocrx_word' id='word_1_184' title='bbox 405 2392 485 2468; x_wconf 90' lang='lat' dir='ltr'>Ergo</span> <span class='ocrx_word' id='word_1_185' title='bbox 504 2392 587 2463; x_wconf 91' lang='lat' dir='ltr'>haee,</span> <span class='ocrx_word' id='word_1_186' title='bbox 603 2410 681 2468; x_wconf 91' lang='lat' dir='ltr'>quae</span> <span class='ocrx_word' id='word_1_187' title='bbox 699 2392 807 2451; x_wconf 87' lang='lat' dir='ltr'>cadere</span> <span class='ocrx_word' id='word_1_188' title='bbox 826 2400 952 2467; x_wconf 90' lang='lat' dir='ltr'>possunt</span> <span class='ocrx_word' id='word_1_189' title='bbox 968 2388 999 2448; x_wconf 93' lang='lat' dir='ltr'>in</span> <span class='ocrx_word' id='word_1_190' title='bbox 1019 2408 1095 2466; x_wconf 92' lang='lat' dir='ltr'>quos</span> <span class='ocrx_word' id='word_1_191' title='bbox 1115 2388 1201 2461; x_wconf 91' lang='lat' dir='ltr'>nolis,</span> 
     </span>
     <span class='ocr_line' id='line_1_23' title="bbox 131 2485 1204 2566; baseline -0.005 -16"><span class='ocrx_word' id='word_1_192' title='bbox 131 2499 180 2564; x_wconf 78' lang='lat'>24⁶</span> <span class='ocrx_word' id='word_1_193' title='bbox 194 2486 330 2565; x_wconf 92' lang='lat' dir='ltr'>quamvis</span> <span class='ocrx_word' id='word_1_194' title='bbox 355 2485 414 2547; x_wconf 89' lang='lat' dir='ltr'>sint</span> <span class='ocrx_word' id='word_1_195' title='bbox 437 2487 524 2560; x_wconf 91' lang='lat' dir='ltr'>bella,</span> <span class='ocrx_word' id='word_1_196' title='bbox 551 2499 621 2548; x_wconf 92' lang='lat' dir='ltr'>sunt</span> <span class='ocrx_word' id='word_1_197' title='bbox 648 2500 750 2548; x_wconf 90' lang='lat' dir='ltr'>tamen</span> <span class='ocrx_word' id='word_1_198' title='bbox 774 2486 841 2566; x_wconf 92' lang='lat' dir='ltr'>ipso</span> <span class='ocrx_word' id='word_1_199' title='bbox 861 2507 969 2565; x_wconf 89' lang='lat' dir='ltr'>genere</span> <span class='ocrx_word' id='word_1_200' title='bbox 990 2485 1122 2546; x_wconf 86' lang='lat' dir='ltr'>scurrilia</span> <span class='ocrx_word' id='word_1_201' title='bbox 1134 2508 1142 2560; x_wconf 88' lang='lat'>;</span> <span class='ocrx_word' id='word_1_202' title='bbox 1170 2497 1204 2545; x_wconf 92' lang='lat' dir='ltr'>ut</span> 
     </span>
     <span class='ocr_line' id='line_1_24' title="bbox 192 2583 1202 2663; baseline -0.002 -19"><span class='ocrx_word' id='word_1_203' title='bbox 192 2585 257 2659; x_wconf 91' lang='lat' dir='ltr'>iste,</span> <span class='ocrx_word' id='word_1_204' title='bbox 273 2583 326 2663; x_wconf 92' lang='lat' dir='ltr'>qui</span> <span class='ocrx_word' id='word_1_205' title='bbox 340 2605 372 2645; x_wconf 92' lang='lat' dir='ltr'>se</span> <span class='ocrx_word' id='word_1_206' title='bbox 386 2588 449 2644; x_wconf 90' lang='lat' dir='ltr'>vult</span> <span class='ocrx_word' id='word_1_207' title='bbox 468 2585 603 2646; x_wconf 86' lang='lat' dir='ltr'>dicacem</span> <span class='ocrx_word' id='word_1_208' title='bbox 618 2597 648 2646; x_wconf 91' lang='lat' dir='ltr'>et</span> <span class='ocrx_word' id='word_1_209' title='bbox 662 2606 711 2646; x_wconf 92' lang='lat' dir='ltr'>me</span> <span class='ocrx_word' id='word_1_210' title='bbox 726 2587 847 2646; x_wconf 86' lang='lat' dir='ltr'>hercule</span> <span class='ocrx_word' id='word_1_211' title='bbox 861 2596 914 2658; x_wconf 94' lang='lat' dir='ltr'>est,</span> <span class='ocrx_word' id='word_1_212' title='bbox 930 2583 1055 2662; x_wconf 90' lang='lat' dir='ltr'>Appius,</span> <span class='ocrx_word' id='word_1_213' title='bbox 1071 2586 1125 2645; x_wconf 89' lang='lat' dir='ltr'>sed</span> <span class='ocrx_word' id='word_1_214' title='bbox 1140 2604 1202 2643; x_wconf 91' lang='lat' dir='ltr'>non</span> 
     </span>
     <span class='ocr_line' id='line_1_25' title="bbox 193 2682 1201 2760; baseline -0.003 -16"><span class='ocrx_word' id='word_1_215' title='bbox 193 2703 359 2760; x_wconf 89' lang='lat' dir='ltr'>numquam</span> <span class='ocrx_word' id='word_1_216' title='bbox 393 2682 424 2743; x_wconf 93' lang='lat' dir='ltr'>in</span> <span class='ocrx_word' id='word_1_217' title='bbox 455 2686 513 2744; x_wconf 91' lang='lat' dir='ltr'>hoc</span> <span class='ocrx_word' id='word_1_218' title='bbox 540 2683 646 2743; x_wconf 88' lang='lat' dir='ltr'>vitium</span> <span class='ocrx_word' id='word_1_219' title='bbox 676 2683 798 2744; x_wconf 87' lang='lat' dir='ltr'>scurrile</span> <span class='ocrx_word' id='word_1_220' title='bbox 825 2682 981 2744; x_wconf 90' lang='lat' dir='ltr'>delabitur.</span> <span class='ocrx_word' id='word_1_221' title='bbox 1038 2682 1201 2744; x_wconf 88' lang='lat' dir='ltr'>‘Cenabo&#39;</span> 
     </span>
     <span class='ocr_line' id='line_1_26' title="bbox 193 2777 1247 2860; baseline -0.006 -17"><span class='ocrx_word' id='word_1_222' title='bbox 193 2780 291 2859; x_wconf 89' lang='lat' dir='ltr'>inquit</span> <span class='ocrx_word' id='word_1_223' title='bbox 308 2783 404 2860; x_wconf 87' lang='lat' dir='ltr'>‘apud</span> <span class='ocrx_word' id='word_1_224' title='bbox 422 2783 469 2854; x_wconf 86' lang='lat' dir='ltr'>te,&#39;</span> <span class='ocrx_word' id='word_1_225' title='bbox 488 2781 558 2843; x_wconf 92' lang='lat' dir='ltr'>huic</span> <span class='ocrx_word' id='word_1_226' title='bbox 577 2784 662 2843; x_wconf 91' lang='lat' dir='ltr'>lusco</span> <span class='ocrx_word' id='word_1_227' title='bbox 678 2780 813 2842; x_wconf 89' lang='lat' dir='ltr'>familiari</span> <span class='ocrx_word' id='word_1_228' title='bbox 831 2802 908 2856; x_wconf 93' lang='lat' dir='ltr'>meo,</span> <span class='ocrx_word' id='word_1_229' title='bbox 930 2782 963 2843; x_wconf 85' lang='lat' dir='ltr'>C.</span> <span class='ocrx_word' id='word_1_230' title='bbox 980 2779 1081 2841; x_wconf 89' lang='lat' dir='ltr'>Sextio</span> <span class='ocrx_word' id='word_1_231' title='bbox 1091 2802 1100 2854; x_wconf 90' lang='lat'>;</span> <span class='ocrx_word' id='word_1_232' title='bbox 1129 2777 1201 2838; x_wconf 91' lang='lat' dir='ltr'>‘uni</span> <span class='ocrx_word' id='word_1_233' title='bbox 1217 2800 1247 2852; x_wconf 85' lang='lat'>25</span> 
     </span>
     <span class='ocr_line' id='line_1_27' title="bbox 195 2876 1202 2955; baseline -0.004 -14"><span class='ocrx_word' id='word_1_234' title='bbox 195 2881 276 2941; x_wconf 90' lang='lat' dir='ltr'>enirn</span> <span class='ocrx_word' id='word_1_235' title='bbox 299 2883 400 2941; x_wconf 92' lang='lat' dir='ltr'>locum</span> <span class='ocrx_word' id='word_1_236' title='bbox 425 2899 489 2940; x_wconf 91' lang='lat' dir='ltr'>esse</span> <span class='ocrx_word' id='word_1_237' title='bbox 513 2878 621 2940; x_wconf 84' lang='lat' dir='ltr'>video&#39;</span> <span class='ocrx_word' id='word_1_238' title='bbox 663 2881 718 2939; x_wconf 85' lang='lat' dir='ltr'>Est</span> <span class='ocrx_word' id='word_1_239' title='bbox 741 2881 800 2940; x_wconf 91' lang='lat' dir='ltr'>hoc</span> <span class='ocrx_word' id='word_1_240' title='bbox 824 2877 952 2953; x_wconf 91' lang='lat' dir='ltr'>scurrile,</span> <span class='ocrx_word' id='word_1_241' title='bbox 979 2889 1009 2938; x_wconf 92' lang='lat' dir='ltr'>et</span> <span class='ocrx_word' id='word_1_242' title='bbox 1032 2879 1114 2955; x_wconf 92' lang='lat' dir='ltr'>quod</span> <span class='ocrx_word' id='word_1_243' title='bbox 1137 2876 1202 2937; x_wconf 89' lang='lat' dir='ltr'>sine</span> 
     </span>
     <span class='ocr_line' id='line_1_28' title="bbox 195 2974 1204 3054; baseline -0.003 -18"><span class='ocrx_word' id='word_1_244' title='bbox 195 2996 285 3036; x_wconf 90' lang='lat' dir='ltr'>causa</span> <span class='ocrx_word' id='word_1_245' title='bbox 307 2975 454 3036; x_wconf 91' lang='lat' dir='ltr'>lacessivit</span> <span class='ocrx_word' id='word_1_246' title='bbox 478 2988 508 3036; x_wconf 89' lang='lat' dir='ltr'>et</span> <span class='ocrx_word' id='word_1_247' title='bbox 532 2987 633 3036; x_wconf 88' lang='lat' dir='ltr'>tamen</span> <span class='ocrx_word' id='word_1_248' title='bbox 658 2974 689 3037; x_wconf 92' lang='lat' dir='ltr'>id</span> <span class='ocrx_word' id='word_1_249' title='bbox 713 2975 795 3048; x_wconf 87' lang='lat' dir='ltr'>dixit,</span> <span class='ocrx_word' id='word_1_250' title='bbox 818 2978 902 3054; x_wconf 92' lang='lat' dir='ltr'>quod</span> <span class='ocrx_word' id='word_1_251' title='bbox 926 2975 958 3034; x_wconf 92' lang='lat' dir='ltr'>in</span> <span class='ocrx_word' id='word_1_252' title='bbox 983 2974 1080 3036; x_wconf 91' lang='lat' dir='ltr'>omnis</span> <span class='ocrx_word' id='word_1_253' title='bbox 1105 2976 1204 3034; x_wconf 93' lang='lat' dir='ltr'>luscos</span> 
     </span>
     <span class='ocr_line' id='line_1_29' title="bbox 195 3071 1205 3151; baseline -0.002 -17"><span class='ocrx_word' id='word_1_254' title='bbox 195 3073 368 3134; x_wconf 89' lang='lat' dir='ltr'>conveniret</span> <span class='ocrx_word' id='word_1_255' title='bbox 378 3095 386 3147; x_wconf 81' lang='lat'><em>3</em></span> <span class='ocrx_word' id='word_1_256' title='bbox 414 3094 458 3147; x_wconf 90' lang='lat' dir='ltr'>ea,</span> <span class='ocrx_word' id='word_1_257' title='bbox 479 3073 550 3150; x_wconf 91' lang='lat' dir='ltr'>quia</span> <span class='ocrx_word' id='word_1_258' title='bbox 570 3072 714 3134; x_wconf 87' lang='lat' dir='ltr'>meditata</span> <span class='ocrx_word' id='word_1_259' title='bbox 734 3084 876 3151; x_wconf 89' lang='lat' dir='ltr'>putantur</span> <span class='ocrx_word' id='word_1_260' title='bbox 896 3093 970 3147; x_wconf 90' lang='lat' dir='ltr'>esse,</span> <span class='ocrx_word' id='word_1_261' title='bbox 989 3072 1087 3132; x_wconf 91' lang='lat' dir='ltr'>minus</span> <span class='ocrx_word' id='word_1_262' title='bbox 1109 3071 1205 3132; x_wconf 90' lang='lat' dir='ltr'>riden-</span> 
     </span>
     <span class='ocr_line' id='line_1_30' title="bbox 196 3170 1204 3249; baseline -0.002 -19"><span class='ocrx_word' id='word_1_263' title='bbox 196 3182 263 3231; x_wconf 88' lang='lat' dir='ltr'>tur:</span> <span class='ocrx_word' id='word_1_264' title='bbox 298 3171 372 3232; x_wconf 93' lang='lat' dir='ltr'>illud</span> <span class='ocrx_word' id='word_1_265' title='bbox 399 3170 549 3249; x_wconf 88' lang='lat' dir='ltr'>egregium</span> <span class='ocrx_word' id='word_1_266' title='bbox 574 3170 656 3232; x_wconf 89' lang='lat' dir='ltr'>Sexti</span> <span class='ocrx_word' id='word_1_267' title='bbox 684 3180 714 3232; x_wconf 90' lang='lat' dir='ltr'>et</span> <span class='ocrx_word' id='word_1_268' title='bbox 742 3191 779 3232; x_wconf 91' lang='lat' dir='ltr'>ex</span> <span class='ocrx_word' id='word_1_269' title='bbox 806 3181 941 3248; x_wconf 91' lang='lat' dir='ltr'>tempore</span> <span class='ocrx_word' id='word_1_270' title='bbox 966 3173 1092 3228; x_wconf 85' lang='lat' dir='ltr'>‘manus</span> <span class='ocrx_word' id='word_1_271' title='bbox 1121 3170 1204 3228; x_wconf 88' lang='lat' dir='ltr'>lava’</span> 
     </span>
     <span class='ocr_line' id='line_1_31' title="bbox 134 3264 1251 3347; baseline 0.001 -20"><span class='ocrx_word' id='word_1_272' title='bbox 134 3290 181 3344; x_wconf 77' lang='lat'>24⁷</span> <span class='ocrx_word' id='word_1_273' title='bbox 196 3267 294 3347; x_wconf 91' lang='lat' dir='ltr'>inquit</span> <span class='ocrx_word' id='word_1_274' title='bbox 307 3271 358 3328; x_wconf 86' lang='lat' dir='ltr'>‘et</span> <span class='ocrx_word' id='word_1_275' title='bbox 375 3270 468 3329; x_wconf 65' lang='lat' dir='ltr'>cena!</span> <span class='ocrx_word' id='word_1_276' title='bbox 509 3268 668 3347; x_wconf 89' lang='lat' dir='ltr'>Temporis</span> <span class='ocrx_word' id='word_1_277' title='bbox 686 3267 774 3345; x_wconf 88' lang='lat' dir='ltr'>igitur</span> <span class='ocrx_word' id='word_1_278' title='bbox 793 3267 868 3328; x_wconf 87' lang='lat' dir='ltr'>ratio</span> <span class='ocrx_word' id='word_1_279' title='bbox 887 3278 916 3327; x_wconf 94' lang='lat' dir='ltr'>et</span> <span class='ocrx_word' id='word_1_280' title='bbox 933 3265 1025 3344; x_wconf 90' lang='lat' dir='ltr'>ipsius</span> <span class='ocrx_word' id='word_1_281' title='bbox 1040 3264 1204 3324; x_wconf 89' lang='lat' dir='ltr'>dicacitatis</span> <span class='ocrx_word' id='word_1_282' title='bbox 1219 3281 1251 3328; x_wconf 83' lang='lat'>30</span> 
     </span>
     <span class='ocr_line' id='line_1_32' title="bbox 230 3418 1205 3484; baseline -0.006 -13"><span class='ocrx_word' id='word_1_283' title='bbox 230 3420 262 3467; x_wconf 93' lang='lat' dir='ltr'><em>M</em></span> <span class='ocrx_word' id='word_1_284' title='bbox 272 3421 373 3470; x_wconf 75' lang='lat' dir='ltr'><em>=HA²</em></span> <span class='ocrx_word' id='word_1_285' title='bbox 462 3420 967 3484; x_wconf 79' lang='lat' dir='ltr'>5irrid...re...om.M(sp.vac.)</span> <span class='ocrx_word' id='word_1_286' title='bbox 1051 3418 1205 3467; x_wconf 83' lang='lat' dir='ltr'>8vitandae</span> 
     </span>
    </p>
   </div>
   <div class='ocr_carea' id='block_1_3' title="bbox 197 3485 1208 3799">
    <p class='ocr_par' dir='ltr' id='par_1_3' title="bbox 197 3485 1208 3799">
     <span class='ocr_line' id='line_1_33' title="bbox 197 3485 1205 3550; baseline -0.007 -14"><span class='ocrx_word' id='word_1_287' title='bbox 197 3486 268 3536; x_wconf 91' lang='lat' dir='ltr'>etM</span> <span class='ocrx_word' id='word_1_288' title='bbox 339 3489 369 3536; x_wconf 90' lang='lat'>16</span> <span class='ocrx_word' id='word_1_289' title='bbox 386 3488 576 3550; x_wconf 90' lang='lat' dir='ltr'>processitom.</span> <span class='ocrx_word' id='word_1_290' title='bbox 591 3486 624 3536; x_wconf 98' lang='lat' dir='ltr'><em>M</em></span> <span class='ocrx_word' id='word_1_291' title='bbox 697 3490 727 3536; x_wconf 87' lang='lat'>18</span> <span class='ocrx_word' id='word_1_292' title='bbox 744 3489 841 3549; x_wconf 88' lang='lat' dir='ltr'>rogabo</span> <span class='ocrx_word' id='word_1_293' title='bbox 853 3502 903 3536; x_wconf 87' lang='lat' dir='ltr'>om.</span> <span class='ocrx_word' id='word_1_294' title='bbox 916 3485 948 3534; x_wconf 93' lang='lat' dir='ltr'><em>H</em></span> <span class='ocrx_word' id='word_1_295' title='bbox 956 3501 1015 3533; x_wconf 86' lang='lat' dir='ltr'>cum</span> <span class='ocrx_word' id='word_1_296' title='bbox 1027 3485 1096 3532; x_wconf 66' lang='lat' dir='ltr'>hrota</span> <span class='ocrx_word' id='word_1_297' title='bbox 1175 3499 1205 3546; x_wconf 92' lang='lat'>19</span> 
     </span>
     <span class='ocr_line' id='line_1_34' title="bbox 197 3549 1208 3615; baseline -0.005 -15"><span class='ocrx_word' id='word_1_298' title='bbox 197 3553 275 3602; x_wconf 88' lang='lat' dir='ltr'>etiam</span> <span class='ocrx_word' id='word_1_299' title='bbox 290 3569 366 3615; x_wconf 87' lang='lat' dir='ltr'>quarn</span> <span class='ocrx_word' id='word_1_300' title='bbox 381 3554 437 3615; x_wconf 90' lang='lat' dir='ltr'>ipse</span> <span class='ocrx_word' id='word_1_301' title='bbox 456 3555 530 3603; x_wconf 87' lang='lat' dir='ltr'>testis</span> <span class='ocrx_word' id='word_1_302' title='bbox 546 3552 569 3601; x_wconf 93' lang='lat' dir='ltr'><em>L</em></span> <span class='ocrx_word' id='word_1_303' title='bbox 669 3569 699 3602; x_wconf 81' lang='lat' dir='ltr'>ar</span> <span class='ocrx_word' id='word_1_304' title='bbox 719 3553 853 3602; x_wconf 85' lang='lat' dir='ltr'>ridiculum</span> <span class='ocrx_word' id='word_1_305' title='bbox 865 3550 909 3600; x_wconf 92' lang='lat' dir='ltr'>M:</span> <span class='ocrx_word' id='word_1_306' title='bbox 929 3551 1049 3598; x_wconf 89' lang='lat' dir='ltr'>iudicium</span> <span class='ocrx_word' id='word_1_307' title='bbox 1062 3549 1084 3594; x_wconf 91' lang='lat' dir='ltr'><em>L</em></span> <span class='ocrx_word' id='word_1_308' title='bbox 1147 3553 1208 3611; x_wconf 83' lang='lat' dir='ltr'>post</span> 
     </span>
     <span class='ocr_line' id='line_1_35' title="bbox 197 3612 1203 3680; baseline -0.003 -14"><span class='ocrx_word' id='word_1_309' title='bbox 197 3625 306 3680; x_wconf 86' lang='lat' dir='ltr'>possunt</span> <span class='ocrx_word' id='word_1_310' title='bbox 317 3618 432 3680; x_wconf 79' lang='lat' dir='ltr'>deficitA</span> <span class='ocrx_word' id='word_1_311' title='bbox 445 3635 504 3667; x_wconf 88' lang='lat' dir='ltr'>cum</span> <span class='ocrx_word' id='word_1_312' title='bbox 515 3620 570 3668; x_wconf 69' lang='lat' dir='ltr'>surb</span> <span class='ocrx_word' id='word_1_313' title='bbox 637 3617 670 3667; x_wconf 96' lang='lat' dir='ltr'><em>M</em></span> <span class='ocrx_word' id='word_1_314' title='bbox 678 3618 739 3665; x_wconf 84' lang='lat' dir='ltr'><em>·.-H</em></span> <span class='ocrx_word' id='word_1_315' title='bbox 811 3619 843 3666; x_wconf 81' lang='lat'>26</span> <span class='ocrx_word' id='word_1_316' title='bbox 860 3616 907 3666; x_wconf 83' lang='lat' dir='ltr'>Est</span> <span class='ocrx_word' id='word_1_317' title='bbox 918 3631 969 3664; x_wconf 88' lang='lat' dir='ltr'>om.</span> <span class='ocrx_word' id='word_1_318' title='bbox 984 3614 1017 3663; x_wconf 88' lang='lat' dir='ltr'><em>H</em></span> <span class='ocrx_word' id='word_1_319' title='bbox 1079 3613 1147 3673; x_wconf 89' lang='lat' dir='ltr'>quod</span> <span class='ocrx_word' id='word_1_320' title='bbox 1160 3612 1203 3663; x_wconf 92' lang='lat' dir='ltr'>H:</span> 
     </span>
     <span class='ocr_line' id='line_1_36' title="bbox 197 3678 1204 3746; baseline -0.007 -14"><span class='ocrx_word' id='word_1_321' title='bbox 197 3693 224 3734; x_wconf 92' lang='lat' dir='ltr'>et</span> <span class='ocrx_word' id='word_1_322' title='bbox 235 3683 356 3745; x_wconf 88' lang='lat' dir='ltr'>quodL:</span> <span class='ocrx_word' id='word_1_323' title='bbox 382 3684 485 3745; x_wconf 90' lang='lat' dir='ltr'>quidem</span> <span class='ocrx_word' id='word_1_324' title='bbox 497 3683 533 3733; x_wconf 86' lang='lat' dir='ltr'>Ie:</span> <span class='ocrx_word' id='word_1_325' title='bbox 551 3684 654 3746; x_wconf 91' lang='lat' dir='ltr'>quidem</span> <span class='ocrx_word' id='word_1_326' title='bbox 667 3691 694 3732; x_wconf 89' lang='lat' dir='ltr'>et</span> <span class='ocrx_word' id='word_1_327' title='bbox 705 3683 797 3743; x_wconf 72' lang='lat' dir='ltr'>quod·</span> <span class='ocrx_word' id='word_1_328' title='bbox 897 3696 929 3742; x_wconf 78' lang='lat'>27</span> <span class='ocrx_word' id='word_1_329' title='bbox 947 3681 973 3728; x_wconf 91' lang='lat' dir='ltr'>id</span> <span class='ocrx_word' id='word_1_330' title='bbox 986 3679 1049 3727; x_wconf 89' lang='lat' dir='ltr'>dixit</span> <span class='ocrx_word' id='word_1_331' title='bbox 1062 3679 1149 3741; x_wconf 62' lang='lat' dir='ltr'>vulga:</span> <span class='ocrx_word' id='word_1_332' title='bbox 1178 3678 1204 3726; x_wconf 92' lang='lat' dir='ltr'>ui</span> 
     </span>
     <span class='ocr_line' id='line_1_37' title="bbox 197 3746 895 3799; baseline -0.007 -1"><span class='ocrx_word' id='word_1_333' title='bbox 197 3750 262 3798; x_wconf 90' lang='lat' dir='ltr'>dixit</span> <span class='ocrx_word' id='word_1_334' title='bbox 272 3750 316 3798; x_wconf 90' lang='lat' dir='ltr'>H:</span> <span class='ocrx_word' id='word_1_335' title='bbox 337 3751 429 3799; x_wconf 89' lang='lat' dir='ltr'>indixit</span> <span class='ocrx_word' id='word_1_336' title='bbox 440 3749 477 3798; x_wconf 84' lang='lat' dir='ltr'>le:</span> <span class='ocrx_word' id='word_1_337' title='bbox 495 3750 561 3798; x_wconf 86' lang='lat' dir='ltr'>dixit</span> <span class='ocrx_word' id='word_1_338' title='bbox 573 3751 623 3797; x_wconf 75' lang='lat' dir='ltr'>Le:</span> <span class='ocrx_word' id='word_1_339' title='bbox 642 3749 688 3796; x_wconf 89' lang='lat' dir='ltr'>uni</span> <span class='ocrx_word' id='word_1_340' title='bbox 699 3748 763 3796; x_wconf 87' lang='lat' dir='ltr'>dixit</span> <span class='ocrx_word' id='word_1_341' title='bbox 774 3746 895 3795; x_wconf 77' lang='lat' dir='ltr'>Frr&#39;edn&#39;ch</span> 
     </span>
    </p>
   </div>
   <div class='ocr_carea' id='block_1_4' title="bbox 0 0 1332 4216">
    <p class='ocr_par' dir='ltr' id='par_1_4' title="bbox 0 0 1332 4216">
     <span class='ocr_line' id='line_1_38' title="bbox 0 0 1332 4216; baseline 0 0"><span class='ocrx_word' id='word_1_342' title='bbox 0 0 1332 4216; x_wconf 95' lang='lat' dir='ltr'> </span> 
     </span>
    </p>
   </div>
  </div>
 </body>
</html>
