2648 4216
448 249 508 312 DE
528 247 735 310 ORATORE
777 249 824 309 11.
1144 249 1245 326 69279

128 439 147 480 a
162 439 281 481 moroso
295 417 454 492 dicuntum
474 426 539 477 tum
556 415 637 477 enim
656 436 719 477 non
738 417 789 489 sal,
806 417 860 478 sed
879 427 984 476 natura
1002 415 1114 477 ridetur
1122 437 1132 490 3

128 515 161 578 in
175 537 244 596 quo,
260 527 293 577 ut
307 514 381 576 mihi
394 514 519 588 videtur,
535 515 699 593 persalsum
713 513 788 575 illud
802 525 847 575 est
860 516 943 592 apud
957 513 1108 576 Novium:

617 609 707 689 ‘quid
721 612 828 689 ploras,
843 622 927 689 pater
937 613 966 672 i'

297 709 429 771 ‘Mirum
442 709 475 771 ni
489 719 608 771 cantem
621 732 629 769 ι
649 710 869 769 condemnatus
882 711 968 768 sum.¹

100 833 114 881 5
130 809 213 872 Huic
225 809 327 890 generi
342 808 427 887 quasi
441 807 622 869 contrarium
640 817 686 866 est
700 804 817 866 ridiculi
831 824 926 883 genus
939 805 1080 884 patientis
1093 828 1130 869 ac

128 908 209 982 lenti,
224 919 266 983 ut,
276 927 346 970 cum
362 909 440 970 Cato
453 925 610 985 percussus
624 914 702 965 esset
715 904 755 965 ab
770 923 815 977 eo,
828 902 880 981 qui
893 923 992 964 arcam
1007 906 1129 980 serebat,

128 1026 197 1067 cum
225 1006 276 1068 ille
305 1005 418 1067 diceret
444 1007 550 1076 ‘cave'
575 1001 688 1081 rogavit
714 1005 806 1060 ‘num
835 1000 909 1078 quid
936 1001 1018 1062 aliud
1042 1006 1130 1066 ferret

128 1114 243 1181 praeter
265 1106 385 1165 arcam!
426 1104 481 1163 Est
505 1100 595 1163 etiam
620 1098 762 1160 stultitiae
782 1100 859 1158 salsa
877 1099 1076 1177 reprehensio,
1097 1113 1131 1163 ut
1145 1111 1196 1161 τεο,

128 1201 178 1261 ille
206 1200 331 1276 Siculus,
361 1200 410 1263 cui
437 1210 555 1279 praetor
582 1196 683 1276 Scipio
714 1207 875 1275 patronum
903 1216 1011 1257 causae
1039 1200 1130 1260 dabat

86 1321 115 1356 ιο
128 1297 277 1377 hospitem
297 1319 393 1373 suum,
409 1297 564 1359 hominem
583 1295 725 1368 nobilem,
741 1295 795 1356 sed
811 1296 978 1356 admodum
996 1299 1129 1372 stultum,

130 1399 277 1473 ‘quaeso,'
285 1395 382 1475 inquit
393 1402 536 1475 ‘praeton
548 1393 716 1455 adversario
727 1414 797 1456 meo
808 1396 847 1454 da
859 1393 950 1454 istum
962 1406 1128 1472 patronum,

127 1492 239 1554 deinde
262 1493 337 1554 mihi
359 1493 511 1555 neminem
532 1491 669 1554 dederis?
711 1494 838 1552 Movent
862 1491 913 1552 illa
932 1491 1030 1565 etiam,
1053 1515 1132 1573 quae

127 1589 299 1652 coniectura
313 1593 507 1670 explanantur
521 1593 610 1667 longe
623 1589 709 1650 aliter
721 1600 813 1668 atque
826 1600 904 1662 sunt,
921 1590 975 1651 sed
988 1600 1076 1653 acute
1089 1603 1132 1654 at·

127 1707 187 1765 que
201 1688 367 1764 coneinne;
388 1700 428 1761 ut,
445 1707 515 1748 cum
524 1689 652 1748 Scaurus
665 1698 819 1748 accusaret
833 1687 979 1748 Rutilium
989 1689 1132 1768 ambitus,

83 1807 112 1858 15
127 1804 197 1845 curn
211 1784 275 1864 ipse
289 1787 394 1846 consul
408 1797 487 1846 esset
501 1787 604 1858 lactus,
616 1785 665 1846 ille
679 1786 828 1863 repulsam
843 1785 965 1860 tulisset,
981 1787 1052 1849 etin
1067 1788 1132 1850 eius
1189 1838 1192 1842 .

126 1883 235 1943 tabulis
258 1885 429 1944 ostenderet
450 1882 561 1943 litteras
582 1885 619 1942 A
644 1885 675 1942 F.
699 1885 732 1943 P.
749 1885 787 1942 R.
810 1881 902 1961 idque
923 1883 1035 1946 diceret
1055 1905 1129 1961 esse,

125 1991 227 2042 actum
252 1981 312 2041 fide
333 1983 366 2040 P.
390 1979 504 2054 Rutili;
534 1980 666 2041 Rutilius
689 1991 799 2054 autem,
825 1992 895 2043 ante
919 1984 1039 2057 factum,
1061 1994 1131 2062 post

126 2081 251 2141 relatum
261 2101 270 2155 ;
299 2080 334 2142 C.
359 2079 481 2153 Canius,
505 2099 598 2158 eques
619 2082 787 2156 Romanus,
807 2102 877 2142 cum
900 2085 981 2143 Rufo
1001 2085 1129 2158 adesset,

126 2180 279 2250 exclamat,
310 2188 449 2238 neutrum
481 2176 539 2237 illis
567 2177 671 2237 litteris
702 2180 845 2240 declarari
856 2203 866 2240 z·
900 2181 989 2259 ‘quid
1016 2183 1131 2258 ergo?'

82 2296 113 2331 ιο
126 2275 224 2354 inquit
237 2278 365 2337 Scaurus
377 2298 386 2351 3
411 2275 573 2337 ‘Aemilius
587 2275 666 2349 lecit,
682 2275 820 2353 plectitur
836 2278 979 2338 Rutilius!

168 2373 318 2434 Ridentur
332 2372 422 2434 etiam
438 2366 656 2451 discrepantia:
681 2373 771 2449 ‘quid
785 2373 855 2434 huic
868 2376 953 2436 abest
967 2375 1024 2437 nisi
1038 2398 1085 2439 res
1100 2388 1130 2439 et
1144 2349 1186 2414 ⁷⁰

124 2471 216 2532 virtus
226 2474 258 2531 ?'
287 2473 371 2533 Bella
379 2471 469 2533 etiam
481 2482 527 2532 est
535 2469 685 2531 familiaris
693 2471 884 2548 reprehensio
895 2473 978 2550 quasi
989 2474 1131 2550 errantis,
1147 2432 1191 2479 ²8¹

124 2581 158 2630 ut
179 2590 249 2630 cum
268 2569 434 2648 obiurgavit
449 2569 573 2630 Albium
589 2569 717 2630 Granius
738 2570 915 2646 quodcum
936 2570 1000 2632 eius
1021 2573 1131 2634 tabulis

124 2667 270 2745 quiddam
284 2669 324 2728 ab
341 2667 473 2729 Albucio
493 2669 653 2746 probatum
672 2665 828 2741 videretur,
844 2679 874 2728 et
890 2669 978 2729 valde
991 2670 1130 2732 absoluto

79 2786 109 2838 25
124 2766 268 2826 Scaevola
291 2766 434 2844 gauderet
463 2786 563 2843 neque
591 2764 775 2842 intellegeret
797 2776 900 2825 contra
923 2785 991 2826 suas
1014 2767 1129 2828 tabulas

124 2882 189 2923 esse
204 2861 377 2923 iudicatum.
424 2862 507 2923 Huic
525 2862 629 2923 similis
651 2874 697 2924 est
714 2861 804 2924 etiam
823 2861 991 2923 admonitio
1008 2861 1039 2922 in
1060 2883 1130 2924 con·
1143 2878 1190 2928 282

123 2959 190 3021 silio
204 2963 307 3022 dando
323 2960 482 3036 familiaris,
499 2972 539 3034 ut,
558 2981 627 3023 cum
646 2972 774 3039 patrono
789 2962 876 3033 malo,
893 2980 962 3021 cum
977 2979 1083 3020 vocem
1097 2959 1129 3020 in

122 3057 254 3119 dicendo
270 3058 447 3132 obtudisset,
473 3060 618 3120 suadebat
639 3059 775 3131 Granius,
792 3070 825 3119 ut
844 3059 974 3118 mulsum
989 3056 1127 3135 frigidum

121 3153 246 3228 biberet,
263 3154 402 3216 simulac
417 3159 541 3216 domum
557 3156 690 3230 redisset,
709 3157 867 3235 ‘perdam'
880 3153 978 3233 inquit
995 3160 1125 3229 ‘vocem,

155 3308 262 3357 M=H
362 3311 640 3375 rdicunturLevng.
656 3329 662 3360 :
681 3308 840 3360 dicanturM
886 3309 1051 3359 enimcodd.:
1071 3311 1126 3360 eius

120 3374 241 3423 Friedrich
302 3377 460 3425 asalseHm
518 3378 698 3437 4mirumom.
710 3378 766 3425 Hm
824 3378 938 3425 barcam
948 3375 1125 3440 (cumlacuna)

120 3455 171 3489 om.
183 3440 238 3487 Hm
309 3457 338 3489 12
356 3443 448 3490 Risum
458 3449 563 3491 movent
573 3441 674 3490 Mulher
741 3458 770 3502 14
782 3449 947 3490 accusaretur
954 3448 981 3489 ut
989 3441 1060 3490 illum
1069 3442 1126 3491 Hm

123 3520 153 3566 15
170 3505 271 3555 tulisset
284 3523 334 3556 om.
348 3507 406 3556 Hm
492 3511 522 3556 16
538 3508 569 3557 A.
582 3509 615 3557 ad
628 3510 702 3570 piore
714 3507 789 3569 eique
801 3507 858 3555 Hm
947 3522 977 3554 ar
998 3506 1127 3556 Ridentur

121 3571 156 3619 Le
168 3574 235 3635 oudo.
251 3591 257 3621 :
275 3572 414 3621 rideturM
513 3575 607 3622 huicce
620 3573 723 3636 Quintil.
737 3573 770 3622 vi.
782 3588 805 3634 3.
820 3576 866 3633 84:
885 3573 946 3622 hinc
957 3573 1031 3621 Hm:
1049 3571 1091 3620 hic
1104 3572 1125 3620 L

119 3651 152 3698 ²3
169 3636 306 3686 Albucium
320 3637 363 3686 H:
381 3638 472 3688 Albius
484 3638 519 3687 Le
605 3638 718 3688 Granius
734 3637 782 3702 Lg.
801 3655 889 3688 omnes
955 3637 1011 3686 eius
1023 3635 1074 3685 Le:
1093 3652 1126 3686 ex

120 3703 151 3752 iis
172 3701 204 3750 H
217 3720 223 3752 :
244 3719 277 3751 ex
289 3702 363 3752 triste
472 3719 502 3765 24
522 3705 554 3752 ab
565 3720 616 3754 om.
631 3705 690 3753 Hm
756 3712 781 3753 et
793 3721 843 3755 om.
859 3704 916 3753 Hm
