2648 4216
94 258 126 319 17
144 268 175 316 n
465 243 509 302 M.
532 239 661 302 ‘tvm
683 241 917 303 crcnxoxrs

142 375 355 501 {⁸1aborabitss
396 413 477 472 Tum
500 411 625 473 Catulus
646 414 727 488 ‘quo
747 408 804 470 ista
826 407 939 469 maiora
958 428 994 469 ac
1015 406 1197 469 mirabiliora

147 485 176 532 ‘⁴
189 509 293 583 fecisti,
310 528 347 569 eo
361 528 411 569 me
425 507 521 569 maior
541 505 723 585 exspectatio
737 517 820 566 tenet
834 505 1015 584 quibusnam
1030 503 1196 565 rationibus

190 605 360 684 quibusque
384 604 551 685 praeceptis
574 625 611 665 ea
633 615 716 664 tanta
738 603 782 664 vis
807 605 1014 683 comparetur3
1048 622 1111 662 non
1134 622 1196 680 quo

190 723 257 764 mea
281 703 404 781 quidem
427 701 487 762 iam
511 699 768 778 intersit—neque
792 699 873 760 enim
898 710 980 760 aetas
1002 698 1034 759 id
1059 719 1127 760 mea
1147 700 1197 760 de

190 800 299 861 siderat
313 811 344 860 et
361 798 445 860 aliud
461 818 557 876 genus
576 799 731 876 quoddam
751 796 872 858 dicendi
892 817 948 858 nos
968 795 1063 856 secuti
1083 815 1194 870 sumus,
1212 815 1227 866 5

190 896 242 976 qui
264 917 429 975 numquam
453 895 616 956 sententias
639 897 678 957 de
700 894 838 955 manibus
860 894 994 955 iudicum
1015 894 1045 954 vi
1066 896 1197 971 quadam

190 994 331 1056 orationis
345 992 523 1054 extorsimus
537 1012 573 1053 ac
586 991 687 1070 potius
697 991 821 1070 placatis
829 1012 934 1052 eorum
948 990 1056 1051 animis
1071 1002 1196 1065 tantum,

191 1103 336 1170 quantum
357 1090 415 1169 ipsi
437 1089 634 1169 patiebantur,
657 1089 925 1168 accepimus-sed
946 1099 1048 1148 tamen
1069 1087 1126 1148 ista
1147 1098 1199 1148 tua

190 1192 306 1250 nullum
319 1190 360 1248 ad
370 1209 459 1249 usum
470 1208 581 1262 meum,
594 1199 711 1247 tantum
725 1185 929 1266 cognoscendi
939 1185 1040 1246 studio
1049 1186 1198 1246 adductus

145 1305 174 1360 75
190 1287 317 1365 requiro.
364 1288 431 1346 Nec
459 1285 533 1346 mihi
554 1305 631 1364 opus
655 1296 701 1346 est
723 1287 840 1346 Graeco
864 1283 966 1362 aliquo
988 1284 1121 1356 doctore,
1145 1281 1198 1360 qui
1215 1304 1247 1341 ro

191 1383 265 1444 mihi
287 1385 458 1463 pervulgata
485 1393 645 1461 praecepta
671 1383 822 1456 decantet,
844 1401 915 1442 cum
939 1379 1004 1458 ipse
1031 1399 1198 1458 numquam

191 1483 297 1554 forum,
307 1500 474 1558 numquam
485 1481 580 1540 ullum
595 1477 739 1539 iudicium
750 1478 915 1556 aspexerit;
936 1488 969 1537 ut
984 1476 1199 1555 Peripateticus

191 1578 241 1639 ille
263 1577 372 1639 dicitur
395 1577 547 1651 Phormio,
574 1597 644 1637 cum
670 1575 827 1637 Hannibal
851 1574 1036 1654 Karthagine
1059 1576 1199 1653 expulsus

193 1677 348 1753 Ephesum
370 1673 411 1734 ad
433 1672 621 1734 Antiochum
640 1673 770 1734 venisset
797 1674 879 1733 exsul
902 1692 1017 1751 proque
1039 1692 1085 1746 e0,
1115 1673 1200 1749 quod

192 1772 257 1833 eius
278 1791 390 1832 nomen
411 1780 474 1831 erat
494 1790 604 1848 magna
619 1772 702 1849 apud
721 1769 820 1830 omnis
838 1769 939 1848 gloria,
959 1768 1101 1830 invitatus
1122 1781 1201 1831 esset
1218 1786 1247 1836 15

192 1870 233 1930 ab
254 1867 423 1946 hospitibus
445 1867 515 1942 suis,
538 1878 572 1927 ut
592 1888 671 1942 eum,
694 1888 785 1945 quem
806 1866 875 1942 dixi,
898 1865 925 1926 si
945 1867 1042 1942 vellet,
1064 1866 1182 1929 audiret
1191 1889 1201 1942 3

193 1986 324 2044 cumque
337 1965 363 2025 is
378 1985 410 2025 se
427 1984 491 2025 non
505 1967 586 2026 nolle
606 1965 737 2039 dixisset,
752 1966 872 2026 locutus
892 1984 958 2025 esse
978 1963 1089 2025 dicitur
1107 1967 1201 2025 homo

193 2063 333 2142 copiosus
347 2063 463 2142 aliquot
484 2064 573 2123 horas
593 2064 633 2124 de
654 2062 840 2142 imperatoris
861 2061 961 2123 officio
981 2073 1012 2122 et
1031 2064 1070 2123 de
1089 2059 1199 2145 [omni]

194 2182 226 2222 re
248 2159 374 2221 militari.
417 2162 508 2235 Tum,
534 2180 605 2220 cum
625 2159 725 2235 ceteri,
747 2159 801 2238 qui
821 2159 907 2220 illum
926 2159 1091 2235 audierant,
1114 2162 1203 2221 vehe-

196 2270 311 2320 menter
324 2269 425 2320 essent
439 2257 587 2333 delectati,
603 2258 788 2336 quaerebant
800 2258 839 2319 ab
855 2257 1038 2333 Hannibale,
1054 2257 1201 2336 quidnam
1219 2278 1250 2312 20

195 2355 260 2434 ipse
274 2358 313 2417 de
334 2355 386 2416 illo
406 2355 590 2435 philosopho
608 2355 772 2417 iudicaret:
801 2355 851 2416 hic
870 2358 991 2416 Poenus
1010 2374 1073 2416 non
1087 2355 1203 2434 optime

197 2457 319 2528 Graece,
349 2455 403 2515 sed
431 2464 532 2514 tamen
559 2452 653 2513 libere
680 2452 871 2531 respondisse
901 2455 1000 2527 fertur,
1030 2456 1141 2514 multos
1170 2474 1204 2515 se

195 2551 305 2613 deliros
327 2571 413 2612 senes
438 2570 527 2629 saepe
546 2549 664 2625 vidisse,
687 2550 742 2611 sed
760 2550 813 2628 qui
832 2549 926 2629 magis
947 2570 1040 2628 quarn
1059 2550 1203 2612 Phormio

151 2659 183 2726 7⁶
196 2649 333 2710 deliraret
344 2647 453 2710 vidisse
463 2646 624 2709 neminem.
669 2649 779 2726 Neque
792 2668 842 2708 me
852 2650 973 2709 hercule
983 2647 1108 2723 iniuria3
1129 2647 1204 2726 quid

189 2747 277 2808 'enim
291 2757 343 2807 aut
352 2745 544 2824 adrogantius
555 2756 607 2806 aut
621 2744 777 2823 loquacius
791 2744 855 2806 fieri
867 2745 966 2824 potuit
980 2766 1071 2823 quam
1087 2745 1206 2806 Hanni·
1221 2763 1251 2813 ²5

196 2844 265 2919 bali,
282 2843 332 2922 qui
347 2854 393 2904 tot
405 2842 492 2904 annis
506 2844 545 2904 de
559 2841 685 2921 imperio
699 2863 769 2904 cum
783 2845 898 2922 populo
912 2845 1054 2904 Romano
1067 2842 1206 2905 omnium

197 2941 330 3020 gentium
345 2939 457 3002 victore
470 2950 619 3014 certasset,
633 2941 782 3001 Graecum
796 2939 960 3015 hominem,
971 2939 1025 3018 qui
1038 2961 1206 3019 numquam

199 3041 326 3113 hostem,
342 3056 508 3116 numquam
522 3046 618 3097 castra
638 3036 769 3112 vidisset,
785 3057 951 3115 numquam
970 3037 1102 3116 denique
1120 3037 1207 3098 mini-

201 3156 280 3196 mam
295 3147 409 3212 partem
429 3134 518 3195 ullius
536 3133 650 3213 publici
669 3133 801 3194 muneris
819 3134 972 3213 attigisset,
991 3147 1152 3214 praecepta
1166 3137 1205 3196 de

200 3253 232 3293 re
251 3232 369 3292 militari
388 3234 484 3293 dare?
519 3233 590 3292 Hoc
604 3231 678 3291 mihi
696 3233 793 3293 facere
810 3252 916 3293 omnes
934 3231 991 3307 isti,
1011 3232 1064 3311 qui
1085 3235 1124 3294 de
1142 3244 1254 3298 aneso

200 3329 321 3391 dicendi
336 3328 530 3408 praecipiunt,
545 3328 702 3404 videntur;
733 3330 817 3407 quod
836 3329 917 3390 enim
938 3328 996 3408 ipsi
1016 3330 1131 3409 experti
1143 3351 1206 3391 non

235 3485 268 3533 M
278 3509 299 3527 =
311 3485 395 3533 ΑΕΗ
489 3501 507 3549 9
523 3485 637 3535 studium
649 3484 682 3532 Μ
791 3486 822 3533 18
839 3485 1001 3548 imperatoris
1014 3501 1086 3535 nco:
1105 3485 1207 3548 imperii

202 3551 235 3599 t!
242 3569 248 3602 :
267 3551 299 3600 de
311 3552 380 3600 omni
393 3566 422 3599 re
434 3567 487 3600 racc.
580 3567 612 3611 24
628 3550 816 3601 delectaretM
895 3552 929 3600 26
945 3550 1108 3601 annist:
1125 3565 1209 3601 annos

202 3632 256 3666 noc.
333 3632 365 3679 τη
383 3632 520 3680 numquam
533 3617 635 3667 hostem
646 3633 696 3667 om.
710 3618 744 3666 M
900 3627 903 3632 ’
