2648 4216
421 288 479 350 DE
501 288 708 350 ORATORE
751 287 802 347 III

112 456 198 538 quasi
212 458 316 518 orbem
325 445 484 518 verborum
494 457 643 516 conficere
654 448 716 515 non
727 466 858 533 possent,
869 475 940 515 nam
951 453 982 515 id
991 453 1115 533 quidem

111 576 207 634 nuper
215 556 263 616 vel
277 574 366 633 posse
380 556 427 614 vel
441 556 551 615 audere
565 553 731 632 coepimus,
740 566 823 614 terna
837 564 888 613 aut
903 551 974 613 bina
988 564 1039 612 aut
1053 572 1115 612 non

111 653 185 714 nulli
213 652 329 731 singula
358 651 448 713 etiam
476 652 567 713 verba
590 651 732 712 dicebant
742 672 751 725 ;
782 650 835 727 qui
859 649 890 709 in
918 649 968 710 illa
992 648 1116 735 infantia

112 753 245 812 naturale
266 751 348 825 illud,
372 752 455 828 quod
477 769 563 810 aures
585 748 742 809 hominum
768 747 951 826 flagitabant,
972 747 1116 807 tenebant

82 861 223 924 stamen,
238 859 272 909 ut
291 859 322 910 et
341 847 391 908 illa
411 858 511 909 essent
532 846 620 926 paria,
637 866 716 924 quae
733 845 875 920 dicerent,
892 856 922 906 et
940 844 1115 924 aequalibus

111 943 399 1023 interspirationibus
412 955 572 1005 uterentur.

153 1042 286 1121 Exposui
300 1045 369 1116 sere,
382 1052 416 1102 ut
429 1041 522 1121 potui,
533 1061 610 1119 quae
625 1040 753 1102 maxime
767 1042 806 1101 ad
821 1052 959 1101 omatum
974 1038 1115 1100 orationis

111 1139 258 1219 pertinere
278 1140 448 1201 arbitrabar.
493 1139 563 1200 Dixi
584 1140 665 1201 enim
686 1141 726 1200 de
746 1138 931 1217 singulorum
952 1140 1041 1199 laude
1054 1157 1115 1198 ver-

111 1239 228 1312 borum,
244 1237 305 1299 dixi
322 1239 361 1299 de
379 1236 592 1298 coniunctione
612 1258 723 1311 eorum,
740 1236 802 1297 dixi
821 1237 860 1298 de
879 1256 1005 1296 numero
1025 1245 1117 1312 atque

68 1337 226 1410 roforma3
253 1337 308 1396 sed
331 1333 357 1395 si
379 1333 515 1395 habitum
541 1334 631 1396 etiam
655 1334 797 1396 orationis
822 1345 852 1395 et
874 1333 959 1414 quasi
983 1334 1116 1393 colorem

111 1431 242 1512 aliquem
264 1430 419 1512 requiritis,
437 1443 482 1493 est
501 1443 532 1492 et
550 1434 641 1510 plena
654 1432 812 1509 quaedam,
828 1432 882 1492 sed
905 1442 1006 1491 tamen
1028 1441 1114 1504 teres,

111 1541 141 1591 et
162 1529 268 1604 tenuis,
284 1549 347 1590 non
369 1528 434 1589 sine
453 1528 551 1590 nervis
569 1548 605 1589 ac
623 1527 743 1601 viribus,
759 1539 790 1589 et
810 1547 948 1605 eaquae
966 1526 1116 1606 particeps

111 1626 265 1707 utriusque
279 1626 393 1704 generis
408 1628 540 1705 quadam
554 1625 761 1687 mediocritate
774 1627 918 1686 laudatur.
949 1625 1009 1685 His
1020 1625 1115 1687 tribus

111 1723 211 1802 figuris
239 1723 367 1786 insidere
394 1723 519 1802 quidam
546 1722 709 1784 venustatis
737 1743 799 1783 non
827 1725 897 1783 fuco
924 1723 1033 1797 inlitus,
1060 1724 1115 1785 sed

68 1841 96 1892 15
111 1821 255 1900 sanguine
279 1821 403 1882 diffusus
428 1821 520 1882 debet
546 1822 637 1881 color.
681 1823 762 1879 Tum
789 1819 920 1899 denique
948 1819 998 1881 hic
1025 1819 1114 1880 nobis
1130 1835 1180 1872 200

111 1931 209 1980 orator
223 1918 264 1979 ita
277 1920 510 1979 conformandus
529 1931 575 1978 est
589 1930 619 1978 et
632 1917 729 1979 verbis
744 1929 774 1978 et
788 1917 950 1991 sententiis,
966 1929 1008 1991 ut,
1023 1937 1115 1996 quem

109 2018 150 2076 ad
169 2018 294 2077 modum
314 2014 365 2091 qui
379 2027 502 2075 utuntur
515 2015 605 2075 armis
623 2026 675 2076 aut
691 2017 844 2093 palaestra,
860 2035 922 2075 non
941 2016 1039 2074 solum
1058 2013 1116 2074 sibi

110 2112 224 2173 vitandi
250 2123 302 2172 aut
329 2111 454 2171 feriendi
478 2111 625 2173 rationem
652 2132 718 2173 esse
746 2113 917 2173 habendam
941 2122 1036 2190 putet,
1060 2112 1115 2171 sed

110 2209 208 2283 etiam,
228 2220 262 2269 ut
282 2228 351 2268 cum
373 2219 529 2268 venustate
552 2220 713 2282 moveatur,
736 2220 769 2269 ut
790 2209 818 2270 ei
839 2207 891 2286 qui
911 2207 943 2269 in
964 2228 1115 2269 armorum

66 2328 97 2361 20
110 2306 286 2367 tractatione
301 2317 463 2379 versantur,
481 2303 537 2386 [sic
551 2304 649 2366 verbis
664 2306 787 2382 quidem
800 2307 840 2366 ad
853 2316 955 2383 aptam
969 2304 1118 2383 composi·

110 2404 224 2465 tionem
239 2417 269 2464 et
280 2403 459 2476 decentiam,
475 2402 630 2464 sententiis
644 2422 714 2463 vero
728 2404 768 2463 ad
781 2402 954 2480 gravitatem
973 2401 1116 2463 orationis

110 2499 230 2583 utatur}
276 2504 454 2561 Formantur
474 2510 576 2560 autem
597 2511 628 2560 et
651 2499 742 2560 verba
769 2511 799 2560 et
827 2497 992 2560 sententiae
1019 2518 1116 2576 paene

110 2599 371 2674 innumerabiliter,
398 2600 481 2676 quod
510 2596 580 2659 satis
609 2596 672 2658 scio
700 2608 805 2657 notum
834 2616 900 2657 esse
926 2594 1029 2670 vobis;
1060 2596 1116 2656 sed

110 2698 186 2760 inter
213 2697 483 2759 conformationem
511 2697 670 2757 verborum
698 2707 728 2755 et
752 2693 966 2754 sententiarum
990 2695 1049 2753 hoc
1073 2691 1116 2752 in-

66 2816 96 2865 ²5
111 2808 208 2870 terest,
224 2799 308 2874 quod
328 2797 487 2857 verborum
508 2794 628 2868 tollitur,
648 2793 673 2854 si
694 2793 784 2853 verba
806 2790 936 2864 mutaris,
957 2789 1115 2850 sententia-

108 2914 175 2954 rum
189 2906 351 2972 permanet,
362 2893 602 2973 quibuscumque
613 2889 710 2951 verbis
725 2888 768 2950 uti
779 2888 859 2950 velis.
887 2889 979 2965 Quod
990 2887 1113 2966 quidem
1128 2905 1174 2942 ποι

108 3011 162 3052 vos
177 2991 232 3053 etsi
246 2991 351 3064 facitis,
366 3002 468 3052 tamen
479 2989 687 3051 admonendos
702 2999 785 3066 puto,
801 2985 929 3064 nequid
947 3006 1013 3047 esse
1031 2985 1114 3046 aliud

1129 1009 1169 1070 52

1131 1102 1177 1153 Ι99

143 3144 176 3193 M
185 3170 206 3187 =
222 3144 303 3194 ΑΕΗ
402 3161 413 3193 1
433 3160 505 3194 orum
520 3143 553 3191 M
649 3144 778 3192 aaudere
793 3158 806 3191 e
820 3143 908 3206 vulga
935 3142 1025 3190 audire
1045 3139 1113 3191 codd.

110 3226 126 3273 5
141 3211 259 3272 qualibus
271 3211 304 3258 M
370 3227 399 3272 14
416 3212 540 3272 quaedam
554 3207 587 3257 M
652 3211 683 3258 18
701 3216 793 3271 putent
804 3206 859 3256 HA
875 3214 983 3270 :putant
993 3206 1030 3255 Ee
1040 3207 1110 3269 vulg.

112 3293 143 3338 19
159 3284 188 3325 ut
205 3293 262 3325 cum
275 3283 411 3326 venustate
429 3282 587 3338 moveantur,
607 3282 635 3323 ut
652 3277 690 3324 eis
707 3275 752 3335 qui
771 3275 797 3322 in
815 3288 943 3323 armorum
961 3272 1113 3322 tractatione

110 3349 247 3391 versantur
258 3340 297 3401 M,
310 3341 407 3390 ‘Locus
418 3342 537 3403 confitsus
546 3345 570 3388 et
576 3340 651 3403 plane
662 3339 805 3403 corruptus'
827 3338 949 3387 Fn'edaiclr
1026 3353 1059 3386 ao
1075 3337 1113 3386 sic

108 3408 250 3458 verbis...
264 3414 351 3456 utatur
367 3422 417 3456 om.
430 3407 461 3454 M
492 3405 547 3454 Nos
561 3405 709 3468 stangnum
728 3405 805 3454 secuti
818 3420 911 3452 sumus
994 3418 1027 3464 23
1046 3401 1114 3450 inter

109 3487 174 3535 quos
186 3473 235 3520 hoc
247 3473 357 3521 interest
369 3472 415 3520 sed
427 3471 496 3520 inter
507 3471 726 3519 confirmationem
737 3471 873 3520 verborum
886 3477 912 3517 et
928 3469 1112 3518 sententiarum

109 3538 178 3599 quod
190 3537 325 3587 verborum
338 3537 434 3587 tollitur
445 3534 482 3600 M,
496 3534 565 3600 quod
579 3534 646 3585 deda
656 3535 683 3584 F
680 3534 790 3586 manta.
825 3534 966 3584 bettonem
981 3533 1114 3597 vulgatam

109 3611 245 3668 accepemus
