2648 4216
443 254 504 319 'DE
526 258 733 321 ORATORE
776 260 810 320 11
1140 257 1236 336 51208

125 423 325 505 perniciosum
336 435 388 484 aut
402 423 506 485 inutile
521 422 566 497 sit,
579 423 615 484 'id
629 425 742 484 factum
750 443 868 501 augeas,
881 425 984 487 odium
996 438 1130 502 creatur3

125 521 180 597 sin,
196 523 279 600 quod
294 533 345 581 aut
361 521 394 580 in
410 521 508 582 bonos
529 520 607 581 viros
626 531 679 580 aut
693 519 724 581 in
741 541 802 596 eos,
818 540 895 600 quos
915 522 1038 585 minime
1052 523 1130 602 quis

125 639 185 698 que
198 618 344 692 debuerit,
354 630 406 679 aut
420 618 451 679 in
466 638 528 678 rem
543 617 704 696 publicam,
715 629 779 679 tum
795 619 946 694 excitatur,
957 620 1052 682 sinon
1068 633 1129 682 tam

125 717 267 776 acerbum
286 715 400 791 odium,
421 727 523 775 tamen
540 727 592 774 aut
611 714 741 776 invidiae
758 727 810 776 aut
828 716 881 777 odi
898 738 960 778 non
979 717 1130 779 dissimilis

96 836 110 884 5
125 814 272 888 offensi03
302 813 374 874 item
389 813 478 874 timor
492 813 634 874 incutitur
652 825 704 874 aut
723 835 759 874 ex
780 813 912 893 ipsorum
927 815 1064 893 periculis
1079 826 1130 876 aut
1146 838 1193 890 ²09

125 931 162 972 ex
176 911 406 972 communibus:
428 909 550 970 interior
568 921 613 971 est
631 909 681 971 ille
695 911 850 990 proprius3
872 913 925 972 sed
945 911 994 972 hic
1008 931 1130 990 quoque

126 1008 294 1070 communis
308 1010 348 1069 ad
363 1008 491 1068 eandem
511 1006 737 1068 similitudinem
753 1018 797 1068 est
811 1010 1029 1087 perducendus.
1074 1012 1131 1068 Par
1144 1026 1182 1088 52

125 1118 216 1183 atque
227 1125 288 1165 una
301 1103 375 1164 ratio
390 1116 435 1164 est
449 1103 521 1182 spei,
532 1103 669 1178 laetitiae,
681 1104 854 1179 molestiae3
875 1107 929 1166 sed
942 1107 1024 1166 haud
1038 1105 1130 1166 seiam

125 1231 164 1271 an
185 1210 345 1271 acerrimus
366 1212 455 1286 longe
476 1209 514 1269 sit
535 1210 670 1270 omnium
692 1222 792 1271 motus
809 1210 939 1272 invidiae
959 1231 1015 1271 nec
1032 1210 1131 1270 minus

82 1326 113 1363 10
126 1307 232 1368 virium
260 1325 336 1385 opus
365 1305 403 1366 sit
430 1306 462 1365 in
485 1326 521 1366 ea
546 1306 774 1384 comprimenda
797 1327 887 1385 quam
911 1308 942 1368 in
965 1308 1128 1369 excitanda

127 1404 268 1465 Invident
289 1415 391 1463 autem
412 1401 551 1463 homines
572 1403 700 1463 maxime
721 1403 841 1481 paribus
862 1415 914 1464 aut
935 1404 1129 1478 inferioribus,

126 1521 196 1561 cum
211 1521 243 1561 se
264 1499 384 1562 relictos
401 1499 542 1573 sentiunt,
565 1499 631 1560 illos
651 1511 752 1560 autem
773 1502 878 1561 dolent
895 1504 1048 1576 evolasse3
1077 1504 1131 1564 sed

126 1597 215 1658 etiam
231 1596 432 1675 superioribus
450 1595 600 1657 invidetur
616 1617 707 1675 saepe
720 1600 913 1658 vehementer
932 1610 962 1658 et
976 1619 1013 1660 eo
1028 1599 1129 1676 magis,

125 1695 151 1755 si
164 1693 372 1756 intolerantius
386 1714 419 1754 se
437 1693 548 1754 iactant
567 1708 597 1754 et
616 1694 859 1772 aequabilitatem
877 1696 1046 1756 communis
1061 1696 1131 1758 iuris

82 1818 111 1870 15
126 1791 306 1870 praestantia
319 1789 472 1869 dignitatis
492 1802 544 1850 aut
561 1792 698 1851 fortunae
718 1812 789 1853 suae
810 1803 964 1853 transeunt
973 1815 982 1868 3
1012 1813 1089 1871 quae
1106 1793 1131 1854 si

126 1890 341 1950 inflammanda
362 1900 440 1961 sunt,
464 1887 592 1949 maxime
613 1889 777 1950 dicendum
799 1901 844 1951 est
865 1911 926 1951 non
945 1911 1010 1952 esse
1024 1892 1131 1953 virtute

126 1999 235 2065 parata,
261 1986 372 2047 deinde
400 1985 490 2046 etiam
514 1985 593 2046 vitiis
615 1998 706 2064 atque
734 1987 874 2064 peccatis,
898 1999 971 2063 tum,
996 1989 1021 2049 si
1044 2001 1131 2050 erunt

126 2083 299 2145 honestiora
312 2095 403 2161 atque
417 2083 558 2161 graviora,
574 2095 675 2145 tamen
693 2105 756 2144 non
771 2105 836 2146 esse
855 2097 938 2146 tanta
952 2086 1002 2147 illa
1016 2088 1129 2163 merita,

126 2195 269 2262 quantam
292 2180 482 2241 insolentiam
507 2181 638 2242 hominis
660 2195 867 2261 quantumque
888 2184 1040 2245 fastidium
1052 2207 1061 2259 3
1091 2186 1130 2245 ad
1146 2214 1192 2250 κιο

82 2308 113 2344 20
126 2282 294 2342 sedandum
315 2290 424 2352 autem,
443 2299 553 2357 magno
573 2279 624 2339 illa
642 2280 752 2352 labore,
775 2280 890 2357 magnis
907 2281 1045 2358 periculis
1066 2303 1131 2343 esse

126 2390 210 2456 parta
224 2397 281 2438 nec
294 2378 334 2437 ad
343 2397 431 2437 suum
442 2378 648 2449 commodum,
658 2378 712 2437 sed
726 2379 765 2437 ad
779 2377 905 2438 aliorum
915 2399 980 2439 esse
995 2381 1114 2440 conlata
1122 2401 1132 2455 3

126 2499 258 2556 eumque,
275 2479 299 2539 si
314 2500 405 2557 quam
420 2479 544 2558 gloriam
562 2479 713 2557 peperisse
733 2479 876 2554 videatur,
897 2491 997 2540 tamen
1019 2481 1074 2541 etsi
1095 2501 1131 2541 ea

126 2596 188 2636 non
217 2576 254 2636 sit
282 2576 385 2655 iniqua
412 2597 526 2639 merces
554 2576 686 2654 periculi,
712 2588 814 2637 tamen
837 2575 873 2637 ea
900 2598 961 2637 non
989 2577 1131 2638 delectari

125 2683 281 2750 totamque
294 2674 412 2735 abicere
420 2686 511 2751 atque
524 2676 676 2752 deponere
687 2696 695 2748 3
716 2674 901 2751 omninoque
915 2674 1130 2751 perficiendum

82 2796 112 2846 ²5
126 2783 179 2846 est,
196 2772 338 2848 quoniam
356 2772 490 2851 plerique
507 2784 577 2833 sunt
596 2772 689 2833 invidi
711 2772 899 2850 maximeque
918 2774 977 2833 hoc
992 2784 1037 2833 est
1051 2793 1131 2833 com-

127 2890 218 2930 mune
245 2869 350 2930 vitium
381 2880 411 2930 et
442 2882 628 2947 perpetuum,
662 2869 810 2930 invidetur
841 2880 941 2929 autem
969 2870 1130 2947 praestanti

125 2968 303 3047 florentique
324 2971 469 3044 fortunae,
498 2981 532 3028 ut
556 2971 631 3029 haec
654 2968 757 3047 opinio
781 2968 931 3029 minuatur
958 2980 989 3029 et
1012 2969 1062 3028 illa
1084 2988 1131 3028 ex·

126 3070 236 3127 cellens
251 3066 394 3144 opinione
408 3069 528 3127 sortuna
546 3088 616 3127 cum
636 3066 788 3128 laboribus
803 3079 832 3127 et
847 3066 971 3127 miseriis
985 3066 1131 3144 permixta

157 3222 189 3269 M
199 3245 221 3263 =
234 3220 316 3270 ΑΕΗ
394 3238 409 3281 4
427 3221 523 3269 invidia
535 3219 557 3268 L
569 3223 636 3284 vulg.
704 3222 721 3267 6
738 3227 777 3269 est
789 3221 832 3269 ille
845 3222 965 3282 proprius
977 3221 1023 3270 sed
1036 3237 1088 3272 om.
1100 3219 1133 3268 Μ

127 3288 202 3352 (xxxi
211 3287 255 3336 litt.
267 3293 303 3347 sp.
314 3302 365 3336 vac.
377 3286 418 3348 H)
524 3287 698 3348 7perducere
710 3286 764 3345 (viii
772 3287 815 3334 litt.
828 3295 863 3350 sp.
877 3284 1027 3348 vac.H)M
1113 3303 1130 3346 9

124 3355 203 3416 longe
213 3354 246 3401 sit
257 3351 289 3399 H
297 3368 355 3400 corr.
367 3369 372 3400 :
391 3367 444 3400 non
456 3352 538 3414 gessit
549 3351 581 3399 M
666 3366 696 3398 12
714 3367 771 3400 cum
784 3387 791 3400 .
807 3387 813 3400 .
829 3387 835 3400 .
849 3352 1027 3414 superioribus
1039 3367 1087 3400 om.
1099 3349 1132 3399 M

127 3433 157 3478 13
174 3419 323 3466 invidentur
334 3415 366 3464 M
432 3432 461 3478 17
480 3425 553 3478 parta
564 3417 590 3464 A
603 3417 671 3480 vulg.
741 3418 771 3465 18
784 3417 847 3464 tanti
859 3419 910 3465 ulla
921 3418 991 3466 codd.
1005 3432 1011 3464 ε
1029 3418 1132 3465 correxit

125 3485 224 3546 Kayser
322 3497 353 3544 19
364 3490 459 3544 quanta
469 3482 607 3531 insolentia
616 3480 700 3531 codd:
718 3481 908 3544 correxitSoroj
988 3481 1026 3531 sas
1044 3489 1129 3530 autem

126 3564 219 3611 magno
237 3546 270 3595 M
286 3549 360 3607 (xxvi
374 3548 417 3597 litt.
434 3551 497 3609 spat.
517 3563 568 3596 vac.
583 3548 623 3609 H)
717 3562 749 3595 aa
767 3563 876 3610 eumque
892 3548 914 3596 si
930 3563 1005 3610 quam
1017 3546 1129 3596 Prema:

125 3629 192 3675 quae
203 3629 275 3662 suam
287 3612 330 3659 M:
350 3627 415 3672 quae
429 3613 452 3659 si
467 3626 543 3673 quam
560 3612 659 3662 Baiter:
677 3626 787 3674 seseque
801 3613 824 3661 si
840 3613 946 3675 quamL
1013 3613 1130 3662 videatur

126 3677 179 3727 ML
191 3679 275 3741 vulga:
295 3677 432 3726 videantur
443 3675 530 3724 Baiter
594 3680 627 3726 26
643 3676 844 3740 pervagatumL
859 3679 927 3742 vulg.
1050 3742 1064 3774 ¹¹
