<?xml version="1.0" encoding="UTF-8"?>
<!DOCTYPE html PUBLIC "-//W3C//DTD XHTML 1.0 Transitional//EN"
    "http://www.w3.org/TR/xhtml1/DTD/xhtml1-transitional.dtd">
<html xmlns="http://www.w3.org/1999/xhtml" xml:lang="en" lang="en">
 <head>
  <title>
</title>
<meta http-equiv="Content-Type" content="text/html;charset=utf-8" />
  <meta name='ocr-system' content='tesseract 3.04.00' />
  <meta name='ocr-capabilities' content='ocr_page ocr_carea ocr_par ocr_line ocrx_word'/>
</head>
<body>
  <div class='ocr_page' id='page_1' title='image "./mtvlliciceronis01wilkgoog/mtvlliciceronis01wilkgoog_0125.png"; bbox 0 0 2648 4216; ppageno 0'>
   <div class='ocr_carea' id='block_1_1' title="bbox 84 240 932 319">
    <p class='ocr_par' dir='ltr' id='par_1_1' title="bbox 84 240 932 319">
     <span class='ocr_line' id='line_1_1' title="bbox 84 240 932 319; baseline 0.005 -21"><span class='ocrx_word' id='word_1_1' title='bbox 84 240 129 319; x_wconf 59' lang='lat' dir='ltr'>aa</span> <span class='ocrx_word' id='word_1_2' title='bbox 144 262 189 318; x_wconf 60' lang='grc' dir='ltr'>ῳ</span> <span class='ocrx_word' id='word_1_3' title='bbox 480 241 676 308; x_wconf 67' lang='lat' dir='ltr'>mavum</span> <span class='ocrx_word' id='word_1_4' title='bbox 698 240 932 303; x_wconf 68' lang='lat' dir='ltr'>demotus</span> 
     </span>
    </p>
   </div>
   <div class='ocr_carea' id='block_1_2' title="bbox 141 405 1258 3318">
    <p class='ocr_par' dir='ltr' id='par_1_2' title="bbox 141 405 1258 3318">
     <span class='ocr_line' id='line_1_2' title="bbox 202 405 1210 488; baseline 0 -20"><span class='ocrx_word' id='word_1_5' title='bbox 202 406 302 485; x_wconf 89' lang='lat' dir='ltr'>posuit</span> <span class='ocrx_word' id='word_1_6' title='bbox 322 408 470 485; x_wconf 87' lang='lat' dir='ltr'>quosdam</span> <span class='ocrx_word' id='word_1_7' title='bbox 489 409 583 482; x_wconf 88' lang='lat' dir='ltr'>locos,</span> <span class='ocrx_word' id='word_1_8' title='bbox 596 428 634 469; x_wconf 88' lang='lat' dir='ltr'>ex</span> <span class='ocrx_word' id='word_1_9' title='bbox 654 405 764 486; x_wconf 85' lang='lat' dir='ltr'>quibus</span> <span class='ocrx_word' id='word_1_10' title='bbox 784 407 884 469; x_wconf 88' lang='lat' dir='ltr'>omnis</span> <span class='ocrx_word' id='word_1_11' title='bbox 904 407 1072 488; x_wconf 82' lang='lat' dir='ltr'>argumenti</span> <span class='ocrx_word' id='word_1_12' title='bbox 1083 406 1134 474; x_wconf 74' lang='lat' dir='ltr'>¹via</span> <span class='ocrx_word' id='word_1_13' title='bbox 1147 428 1210 468; x_wconf 91' lang='lat' dir='ltr'>non</span> 
     </span>
     <span class='ocr_line' id='line_1_3' title="bbox 202 503 1211 583; baseline 0.002 -19"><span class='ocrx_word' id='word_1_14' title='bbox 202 506 295 566; x_wconf 92' lang='lat' dir='ltr'>modo</span> <span class='ocrx_word' id='word_1_15' title='bbox 308 507 347 566; x_wconf 93' lang='lat' dir='ltr'>ad</span> <span class='ocrx_word' id='word_1_16' title='bbox 362 503 611 583; x_wconf 89' lang='lat' dir='ltr'>philosophorum</span> <span class='ocrx_word' id='word_1_17' title='bbox 631 503 876 583; x_wconf 91' lang='lat' dir='ltr'>disputationem,</span> <span class='ocrx_word' id='word_1_18' title='bbox 890 507 945 566; x_wconf 90' lang='lat' dir='ltr'>sed</span> <span class='ocrx_word' id='word_1_19' title='bbox 963 505 1053 566; x_wconf 91' lang='lat' dir='ltr'>etiam</span> <span class='ocrx_word' id='word_1_20' title='bbox 1072 507 1112 566; x_wconf 94' lang='lat' dir='ltr'>ad</span> <span class='ocrx_word' id='word_1_21' title='bbox 1131 507 1211 566; x_wconf 92' lang='lat' dir='ltr'>hanc</span> 
     </span>
     <span class='ocr_line' id='line_1_4' title="bbox 200 601 1211 681; baseline 0 -19"><span class='ocrx_word' id='word_1_22' title='bbox 200 601 374 675; x_wconf 89' lang='lat' dir='ltr'>orationem,</span> <span class='ocrx_word' id='word_1_23' title='bbox 392 623 452 680; x_wconf 91' lang='lat' dir='ltr'>qua</span> <span class='ocrx_word' id='word_1_24' title='bbox 465 601 497 662; x_wconf 95' lang='lat' dir='ltr'>in</span> <span class='ocrx_word' id='word_1_25' title='bbox 511 601 608 664; x_wconf 90' lang='lat' dir='ltr'>causis</span> <span class='ocrx_word' id='word_1_26' title='bbox 622 601 744 678; x_wconf 88' lang='lat' dir='ltr'>utimur,</span> <span class='ocrx_word' id='word_1_27' title='bbox 757 602 939 665; x_wconf 90' lang='lat' dir='ltr'>inveniretur</span> <span class='ocrx_word' id='word_1_28' title='bbox 947 624 957 678; x_wconf 83' lang='lat'><em>3</em></span> <span class='ocrx_word' id='word_1_29' title='bbox 976 623 995 662; x_wconf 90' lang='lat' dir='ltr'>a</span> <span class='ocrx_word' id='word_1_30' title='bbox 1009 623 1071 681; x_wconf 93' lang='lat' dir='ltr'>quo</span> <span class='ocrx_word' id='word_1_31' title='bbox 1086 602 1211 679; x_wconf 91' lang='lat' dir='ltr'>quidem</span> 
     </span>
     <span class='ocr_line' id='line_1_5' title="bbox 201 699 1211 775; baseline 0.002 -17"><span class='ocrx_word' id='word_1_32' title='bbox 201 699 323 761; x_wconf 91' lang='lat' dir='ltr'>homine</span> <span class='ocrx_word' id='word_1_33' title='bbox 337 699 397 766; x_wconf 90' lang='lat' dir='ltr'>iam</span> <span class='ocrx_word' id='word_1_34' title='bbox 411 702 537 775; x_wconf 87' lang='lat' dir='ltr'>dudum,</span> <span class='ocrx_word' id='word_1_35' title='bbox 552 699 679 773; x_wconf 77' lang='lat' dir='ltr'>Antoni,</span> <span class='ocrx_word' id='word_1_36' title='bbox 692 721 755 761; x_wconf 91' lang='lat' dir='ltr'>non</span> <span class='ocrx_word' id='word_1_37' title='bbox 775 701 892 762; x_wconf 87' lang='lat' dir='ltr'>aberrat</span> <span class='ocrx_word' id='word_1_38' title='bbox 908 700 1004 761; x_wconf 91' lang='lat' dir='ltr'>oratio</span> <span class='ocrx_word' id='word_1_39' title='bbox 1024 712 1084 775; x_wconf 92' lang='lat' dir='ltr'>tua,</span> <span class='ocrx_word' id='word_1_40' title='bbox 1101 699 1163 762; x_wconf 91' lang='lat' dir='ltr'>sive</span> <span class='ocrx_word' id='word_1_41' title='bbox 1178 712 1211 761; x_wconf 94' lang='lat' dir='ltr'>tu</span> 
     </span>
     <span class='ocr_line' id='line_1_6' title="bbox 200 795 1240 876; baseline 0.002 -20"><span class='ocrx_word' id='word_1_42' title='bbox 200 795 394 859; x_wconf 88' lang='lat' dir='ltr'>similitudine</span> <span class='ocrx_word' id='word_1_43' title='bbox 415 797 493 865; x_wconf 88' lang='lat' dir='ltr'>illius</span> <span class='ocrx_word' id='word_1_44' title='bbox 521 797 614 859; x_wconf 90' lang='lat' dir='ltr'>divini</span> <span class='ocrx_word' id='word_1_45' title='bbox 642 797 742 876; x_wconf 88' lang='lat' dir='ltr'>ingeni</span> <span class='ocrx_word' id='word_1_46' title='bbox 762 796 795 858; x_wconf 95' lang='lat' dir='ltr'>in</span> <span class='ocrx_word' id='word_1_47' title='bbox 813 799 923 862; x_wconf 82' lang='lat' dir='ltr'>eadem</span> <span class='ocrx_word' id='word_1_48' title='bbox 943 796 1068 859; x_wconf 92' lang='lat' dir='ltr'>incurris</span> <span class='ocrx_word' id='word_1_49' title='bbox 1089 796 1240 875; x_wconf 77' lang='lat' dir='ltr'>vestigia5</span> 
     </span>
     <span class='ocr_line' id='line_1_7' title="bbox 201 893 1212 975; baseline -0.001 -20"><span class='ocrx_word' id='word_1_50' title='bbox 201 893 262 956; x_wconf 89' lang='lat' dir='ltr'>sive</span> <span class='ocrx_word' id='word_1_51' title='bbox 277 894 366 957; x_wconf 91' lang='lat' dir='ltr'>etiam</span> <span class='ocrx_word' id='word_1_52' title='bbox 380 895 431 956; x_wconf 93' lang='lat' dir='ltr'>illa</span> <span class='ocrx_word' id='word_1_53' title='bbox 444 895 509 975; x_wconf 92' lang='lat' dir='ltr'>ipsa</span> <span class='ocrx_word' id='word_1_54' title='bbox 522 895 618 974; x_wconf 87' lang='lat' dir='ltr'>legisti</span> <span class='ocrx_word' id='word_1_55' title='bbox 631 907 723 974; x_wconf 90' lang='lat' dir='ltr'>atque</span> <span class='ocrx_word' id='word_1_56' title='bbox 741 894 884 971; x_wconf 87' lang='lat' dir='ltr'>didicisti,</span> <span class='ocrx_word' id='word_1_57' title='bbox 897 898 982 974; x_wconf 93' lang='lat' dir='ltr'>quod</span> <span class='ocrx_word' id='word_1_58' title='bbox 996 895 1122 974; x_wconf 92' lang='lat' dir='ltr'>quidem</span> <span class='ocrx_word' id='word_1_59' title='bbox 1137 894 1212 954; x_wconf 95' lang='lat' dir='ltr'>mihi</span> 
     </span>
     <span class='ocr_line' id='line_1_8' title="bbox 200 992 1211 1072; baseline 0 -20"><span class='ocrx_word' id='word_1_60' title='bbox 200 992 294 1070; x_wconf 88' lang='lat' dir='ltr'>magis</span> <span class='ocrx_word' id='word_1_61' title='bbox 318 993 378 1054; x_wconf 91' lang='lat' dir='ltr'>veri</span> <span class='ocrx_word' id='word_1_62' title='bbox 402 992 503 1055; x_wconf 66' lang='lat' dir='ltr'>‘simile</span> <span class='ocrx_word' id='word_1_63' title='bbox 526 993 664 1069; x_wconf 58' lang='lat' dir='ltr'>videtum</span> <span class='ocrx_word' id='word_1_64' title='bbox 694 995 762 1072; x_wconf 92' lang='lat' dir='ltr'>plus</span> <span class='ocrx_word' id='word_1_65' title='bbox 790 993 871 1055; x_wconf 91' lang='lat' dir='ltr'>enim</span> <span class='ocrx_word' id='word_1_66' title='bbox 896 1003 926 1056; x_wconf 92' lang='lat' dir='ltr'>te</span> <span class='ocrx_word' id='word_1_67' title='bbox 953 1014 1064 1072; x_wconf 86' lang='lat' dir='ltr'>operae</span> <span class='ocrx_word' id='word_1_68' title='bbox 1087 992 1211 1054; x_wconf 90' lang='lat' dir='ltr'>Graecis</span> 
     </span>
     <span class='ocr_line' id='line_1_9' title="bbox 141 1090 1211 1170; baseline -0.003 -17"><span class='ocrx_word' id='word_1_69' title='bbox 141 1091 319 1153; x_wconf 72' lang='lat' dir='ltr'>tradedisse</span> <span class='ocrx_word' id='word_1_70' title='bbox 340 1091 429 1152; x_wconf 91' lang='lat' dir='ltr'>rebus</span> <span class='ocrx_word' id='word_1_71' title='bbox 446 1091 535 1153; x_wconf 88' lang='lat' dir='ltr'>video</span> <span class='ocrx_word' id='word_1_72' title='bbox 556 1111 647 1169; x_wconf 93' lang='lat' dir='ltr'>quam</span> <span class='ocrx_word' id='word_1_73' title='bbox 668 1093 859 1170; x_wconf 68' lang='lat' dir='ltr'>putaremus!</span> <span class='ocrx_word' id='word_1_74' title='bbox 900 1094 981 1152; x_wconf 90' lang='lat' dir='ltr'>Tum</span> <span class='ocrx_word' id='word_1_75' title='bbox 1002 1090 1053 1155; x_wconf 92' lang='lat' dir='ltr'>ille</span> <span class='ocrx_word' id='word_1_76' title='bbox 1069 1093 1211 1151; x_wconf 89' lang='lat' dir='ltr'>‘verum’</span> 
     </span>
     <span class='ocr_line' id='line_1_10' title="bbox 199 1186 1212 1267; baseline 0.002 -20"><span class='ocrx_word' id='word_1_77' title='bbox 199 1186 296 1267; x_wconf 91' lang='lat' dir='ltr'>inquit</span> <span class='ocrx_word' id='word_1_78' title='bbox 313 1191 365 1249; x_wconf 84' lang='lat' dir='ltr'>‘ex</span> <span class='ocrx_word' id='word_1_79' title='bbox 379 1209 428 1249; x_wconf 91' lang='lat' dir='ltr'>me</span> <span class='ocrx_word' id='word_1_80' title='bbox 441 1187 557 1262; x_wconf 91' lang='lat' dir='ltr'>audies,</span> <span class='ocrx_word' id='word_1_81' title='bbox 572 1190 697 1250; x_wconf 88' lang='lat' dir='ltr'>Catule:</span> <span class='ocrx_word' id='word_1_82' title='bbox 718 1207 837 1266; x_wconf 86' lang='lat' dir='ltr'>semper</span> <span class='ocrx_word' id='word_1_83' title='bbox 853 1208 910 1266; x_wconf 81' lang='lat' dir='ltr'>ego</span> <span class='ocrx_word' id='word_1_84' title='bbox 926 1187 1093 1249; x_wconf 89' lang='lat' dir='ltr'>existimavi</span> <span class='ocrx_word' id='word_1_85' title='bbox 1107 1187 1212 1249; x_wconf 90' lang='lat' dir='ltr'>iucun-</span> 
     </span>
     <span class='ocr_line' id='line_1_11' title="bbox 199 1284 1258 1363; baseline -0.004 -17"><span class='ocrx_word' id='word_1_86' title='bbox 199 1285 314 1346; x_wconf 90' lang='lat' dir='ltr'>diorem</span> <span class='ocrx_word' id='word_1_87' title='bbox 339 1297 369 1346; x_wconf 92' lang='lat' dir='ltr'>et</span> <span class='ocrx_word' id='word_1_88' title='bbox 394 1284 624 1363; x_wconf 87' lang='lat' dir='ltr'>probabiliorem</span> <span class='ocrx_word' id='word_1_89' title='bbox 653 1284 724 1345; x_wconf 92' lang='lat' dir='ltr'>huic</span> <span class='ocrx_word' id='word_1_90' title='bbox 748 1287 862 1363; x_wconf 91' lang='lat' dir='ltr'>populo</span> <span class='ocrx_word' id='word_1_91' title='bbox 890 1297 1039 1346; x_wconf 91' lang='lat' dir='ltr'>oratorem</span> <span class='ocrx_word' id='word_1_92' title='bbox 1060 1286 1135 1359; x_wconf 87' lang='lat' dir='ltr'>fore,</span> <span class='ocrx_word' id='word_1_93' title='bbox 1157 1284 1211 1363; x_wconf 93' lang='lat' dir='ltr'>qui</span> <span class='ocrx_word' id='word_1_94' title='bbox 1227 1306 1258 1343; x_wconf 74' lang='grc' dir='ltr'>ιο</span> 
     </span>
     <span class='ocr_line' id='line_1_12' title="bbox 199 1382 1210 1460; baseline -0.001 -18"><span class='ocrx_word' id='word_1_95' title='bbox 199 1382 329 1460; x_wconf 88' lang='lat' dir='ltr'>primum</span> <span class='ocrx_word' id='word_1_96' title='bbox 357 1403 448 1460; x_wconf 88' lang='lat' dir='ltr'>qnam</span> <span class='ocrx_word' id='word_1_97' title='bbox 476 1382 632 1444; x_wconf 89' lang='lat' dir='ltr'>minimam</span> <span class='ocrx_word' id='word_1_98' title='bbox 659 1382 765 1444; x_wconf 86' lang='lat' dir='ltr'>artifici</span> <span class='ocrx_word' id='word_1_99' title='bbox 792 1382 928 1458; x_wconf 90' lang='lat' dir='ltr'>alicuius,</span> <span class='ocrx_word' id='word_1_100' title='bbox 954 1382 1068 1444; x_wconf 91' lang='lat' dir='ltr'>deinde</span> <span class='ocrx_word' id='word_1_101' title='bbox 1095 1385 1210 1442; x_wconf 87' lang='lat' dir='ltr'>nullam</span> 
     </span>
     <span class='ocr_line' id='line_1_13' title="bbox 200 1479 1210 1559; baseline 0 -19"><span class='ocrx_word' id='word_1_102' title='bbox 200 1481 381 1541; x_wconf 88' lang='lat' dir='ltr'>Graecarum</span> <span class='ocrx_word' id='word_1_103' title='bbox 406 1500 504 1541; x_wconf 92' lang='lat' dir='ltr'>rerum</span> <span class='ocrx_word' id='word_1_104' title='bbox 528 1479 776 1559; x_wconf 84' lang='lat' dir='ltr'>significationem</span> <span class='ocrx_word' id='word_1_105' title='bbox 799 1480 901 1541; x_wconf 90' lang='lat' dir='ltr'>daret:</span> <span class='ocrx_word' id='word_1_106' title='bbox 933 1491 1024 1559; x_wconf 91' lang='lat' dir='ltr'>atque</span> <span class='ocrx_word' id='word_1_107' title='bbox 1046 1500 1103 1558; x_wconf 85' lang='lat' dir='ltr'>ego</span> <span class='ocrx_word' id='word_1_108' title='bbox 1128 1479 1210 1541; x_wconf 91' lang='lat' dir='ltr'>idem</span> 
     </span>
     <span class='ocr_line' id='line_1_14' title="bbox 199 1576 1210 1656; baseline 0.002 -18"><span class='ocrx_word' id='word_1_109' title='bbox 199 1576 364 1645; x_wconf 87' lang='lat' dir='ltr'>existimavi</span> <span class='ocrx_word' id='word_1_110' title='bbox 395 1577 519 1656; x_wconf 88' lang='lat' dir='ltr'>pecudis</span> <span class='ocrx_word' id='word_1_111' title='bbox 554 1598 630 1653; x_wconf 91' lang='lat' dir='ltr'>esse,</span> <span class='ocrx_word' id='word_1_112' title='bbox 661 1597 723 1639; x_wconf 95' lang='lat' dir='ltr'>non</span> <span class='ocrx_word' id='word_1_113' title='bbox 757 1577 898 1652; x_wconf 91' lang='lat' dir='ltr'>hominis,</span> <span class='ocrx_word' id='word_1_114' title='bbox 927 1598 998 1639; x_wconf 94' lang='lat' dir='ltr'>cum</span> <span class='ocrx_word' id='word_1_115' title='bbox 1033 1589 1131 1638; x_wconf 84' lang='lat' dir='ltr'>tantas</span> <span class='ocrx_word' id='word_1_116' title='bbox 1163 1599 1210 1640; x_wconf 92' lang='lat' dir='ltr'>res</span> 
     </span>
     <span class='ocr_line' id='line_1_15' title="bbox 199 1674 1210 1755; baseline 0 -18"><span class='ocrx_word' id='word_1_117' title='bbox 199 1674 306 1737; x_wconf 90' lang='lat' dir='ltr'>Graeci</span> <span class='ocrx_word' id='word_1_118' title='bbox 320 1675 512 1754; x_wconf 90' lang='lat' dir='ltr'>susciperent,</span> <span class='ocrx_word' id='word_1_119' title='bbox 528 1678 746 1754; x_wconf 88' lang='lat' dir='ltr'>profiterentur,</span> <span class='ocrx_word' id='word_1_120' title='bbox 759 1689 881 1755; x_wconf 81' lang='lat' dir='ltr'>agerent</span> <span class='ocrx_word' id='word_1_121' title='bbox 900 1697 1027 1754; x_wconf 90' lang='lat' dir='ltr'>seseque</span> <span class='ocrx_word' id='word_1_122' title='bbox 1041 1687 1072 1739; x_wconf 92' lang='lat' dir='ltr'>et</span> <span class='ocrx_word' id='word_1_123' title='bbox 1085 1676 1210 1738; x_wconf 90' lang='lat' dir='ltr'>videndi</span> 
     </span>
     <span class='ocr_line' id='line_1_16' title="bbox 198 1773 1254 1853; baseline 0.002 -19"><span class='ocrx_word' id='word_1_124' title='bbox 198 1793 244 1834; x_wconf 91' lang='lat' dir='ltr'>res</span> <span class='ocrx_word' id='word_1_125' title='bbox 279 1773 504 1836; x_wconf 90' lang='lat' dir='ltr'>obscurissimas</span> <span class='ocrx_word' id='word_1_126' title='bbox 538 1785 569 1836; x_wconf 93' lang='lat' dir='ltr'>et</span> <span class='ocrx_word' id='word_1_127' title='bbox 602 1776 681 1836; x_wconf 92' lang='lat' dir='ltr'>bene</span> <span class='ocrx_word' id='word_1_128' title='bbox 710 1775 831 1836; x_wconf 89' lang='lat' dir='ltr'>vivendi</span> <span class='ocrx_word' id='word_1_129' title='bbox 865 1787 896 1839; x_wconf 90' lang='lat' dir='ltr'>et</span> <span class='ocrx_word' id='word_1_130' title='bbox 930 1774 1053 1853; x_wconf 90' lang='lat' dir='ltr'>copiose</span> <span class='ocrx_word' id='word_1_131' title='bbox 1086 1773 1210 1836; x_wconf 88' lang='lat' dir='ltr'>dicendi</span> <span class='ocrx_word' id='word_1_132' title='bbox 1225 1792 1254 1844; x_wconf 87' lang='lat'>15</span> 
     </span>
     <span class='ocr_line' id='line_1_17' title="bbox 198 1869 1210 1952; baseline 0.004 -21"><span class='ocrx_word' id='word_1_133' title='bbox 198 1869 344 1933; x_wconf 90' lang='lat' dir='ltr'>rationem</span> <span class='ocrx_word' id='word_1_134' title='bbox 369 1874 491 1933; x_wconf 92' lang='lat' dir='ltr'>daturos</span> <span class='ocrx_word' id='word_1_135' title='bbox 515 1872 688 1934; x_wconf 89' lang='lat' dir='ltr'>hominibus</span> <span class='ocrx_word' id='word_1_136' title='bbox 716 1873 936 1952; x_wconf 88' lang='lat' dir='ltr'>pollicerentur,</span> <span class='ocrx_word' id='word_1_137' title='bbox 960 1893 1024 1936; x_wconf 91' lang='lat' dir='ltr'>non</span> <span class='ocrx_word' id='word_1_138' title='bbox 1047 1874 1210 1935; x_wconf 88' lang='lat' dir='ltr'>admovere</span> 
     </span>
     <span class='ocr_line' id='line_1_18' title="bbox 197 1969 1209 2047; baseline 0.002 -19"><span class='ocrx_word' id='word_1_139' title='bbox 197 1988 299 2030; x_wconf 89' lang='lat' dir='ltr'>aurem</span> <span class='ocrx_word' id='word_1_140' title='bbox 321 1980 358 2042; x_wconf 72' lang='lat' dir='ltr'>et,</span> <span class='ocrx_word' id='word_1_141' title='bbox 382 1969 407 2029; x_wconf 93' lang='lat' dir='ltr'>si</span> <span class='ocrx_word' id='word_1_142' title='bbox 432 1971 531 2047; x_wconf 87' lang='lat' dir='ltr'>palam</span> <span class='ocrx_word' id='word_1_143' title='bbox 555 1970 658 2032; x_wconf 88' lang='lat' dir='ltr'>audire</span> <span class='ocrx_word' id='word_1_144' title='bbox 680 1991 733 2033; x_wconf 91' lang='lat' dir='ltr'>eos</span> <span class='ocrx_word' id='word_1_145' title='bbox 758 1992 820 2033; x_wconf 95' lang='lat' dir='ltr'>non</span> <span class='ocrx_word' id='word_1_146' title='bbox 840 1973 975 2044; x_wconf 89' lang='lat' dir='ltr'>auderes,</span> <span class='ocrx_word' id='word_1_147' title='bbox 998 1991 1037 2032; x_wconf 91' lang='lat' dir='ltr'>ne</span> <span class='ocrx_word' id='word_1_148' title='bbox 1058 1969 1209 2031; x_wconf 91' lang='lat' dir='ltr'>minueres</span> 
     </span>
     <span class='ocr_line' id='line_1_19' title="bbox 197 2065 1209 2144; baseline 0.002 -18"><span class='ocrx_word' id='word_1_149' title='bbox 197 2068 278 2144; x_wconf 88' lang='lat' dir='ltr'>apud</span> <span class='ocrx_word' id='word_1_150' title='bbox 300 2077 368 2126; x_wconf 91' lang='lat' dir='ltr'>tuos</span> <span class='ocrx_word' id='word_1_151' title='bbox 390 2065 463 2127; x_wconf 89' lang='lat' dir='ltr'>civis</span> <span class='ocrx_word' id='word_1_152' title='bbox 484 2066 691 2129; x_wconf 89' lang='lat' dir='ltr'>auctoritatem</span> <span class='ocrx_word' id='word_1_153' title='bbox 715 2079 806 2142; x_wconf 90' lang='lat' dir='ltr'>tuam,</span> <span class='ocrx_word' id='word_1_154' title='bbox 829 2069 1085 2130; x_wconf 89' lang='lat' dir='ltr'>subauscultando</span> <span class='ocrx_word' id='word_1_155' title='bbox 1106 2078 1209 2130; x_wconf 87' lang='lat' dir='ltr'>tamen</span> 
     </span>
     <span class='ocr_line' id='line_1_20' title="bbox 198 2162 1205 2244; baseline 0.002 -19"><span class='ocrx_word' id='word_1_156' title='bbox 198 2162 333 2241; x_wconf 92' lang='lat' dir='ltr'>excipere</span> <span class='ocrx_word' id='word_1_157' title='bbox 355 2183 445 2226; x_wconf 89' lang='lat' dir='ltr'>voces</span> <span class='ocrx_word' id='word_1_158' title='bbox 469 2184 573 2225; x_wconf 92' lang='lat' dir='ltr'>eorum</span> <span class='ocrx_word' id='word_1_159' title='bbox 596 2176 626 2225; x_wconf 90' lang='lat' dir='ltr'>et</span> <span class='ocrx_word' id='word_1_160' title='bbox 646 2168 751 2242; x_wconf 90' lang='lat' dir='ltr'>procul</span> <span class='ocrx_word' id='word_1_161' title='bbox 772 2165 846 2244; x_wconf 94' lang='lat' dir='ltr'>quid</span> <span class='ocrx_word' id='word_1_162' title='bbox 867 2176 1018 2226; x_wconf 87' lang='lat' dir='ltr'>narrarent</span> <span class='ocrx_word' id='word_1_163' title='bbox 1042 2168 1205 2228; x_wconf 90' lang='lat' dir='ltr'>attendere.</span> 
     </span>
     <span class='ocr_line' id='line_1_21' title="bbox 200 2261 1254 2338; baseline 0.001 -17"><span class='ocrx_word' id='word_1_164' title='bbox 200 2262 306 2338; x_wconf 92' lang='lat' dir='ltr'>Itaque</span> <span class='ocrx_word' id='word_1_165' title='bbox 321 2261 386 2335; x_wconf 85' lang='lat' dir='ltr'>feci,</span> <span class='ocrx_word' id='word_1_166' title='bbox 403 2264 518 2336; x_wconf 83' lang='lat' dir='ltr'>Catule,</span> <span class='ocrx_word' id='word_1_167' title='bbox 535 2273 566 2324; x_wconf 89' lang='lat' dir='ltr'>et</span> <span class='ocrx_word' id='word_1_168' title='bbox 579 2261 703 2324; x_wconf 90' lang='lat' dir='ltr'>istorum</span> <span class='ocrx_word' id='word_1_169' title='bbox 718 2263 855 2324; x_wconf 90' lang='lat' dir='ltr'>omnium</span> <span class='ocrx_word' id='word_1_170' title='bbox 870 2261 1043 2324; x_wconf 91' lang='lat' dir='ltr'>summatim</span> <span class='ocrx_word' id='word_1_171' title='bbox 1057 2283 1163 2324; x_wconf 91' lang='lat' dir='ltr'>causas</span> <span class='ocrx_word' id='word_1_172' title='bbox 1177 2274 1208 2325; x_wconf 91' lang='lat' dir='ltr'>et</span> <span class='ocrx_word' id='word_1_173' title='bbox 1222 2288 1254 2323; x_wconf 82' lang='lat' dir='ltr'>ao</span> 
     </span>
     <span class='ocr_line' id='line_1_22' title="bbox 198 2359 1208 2439; baseline 0.002 -19"><span class='ocrx_word' id='word_1_174' title='bbox 198 2378 307 2436; x_wconf 85' lang='lat' dir='ltr'>genera</span> <span class='ocrx_word' id='word_1_175' title='bbox 320 2359 386 2438; x_wconf 89' lang='lat' dir='ltr'>ipsa</span> <span class='ocrx_word' id='word_1_176' title='bbox 398 2359 531 2438; x_wconf 64' lang='lat' dir='ltr'>gustavi!</span> <span class='ocrx_word' id='word_1_177' title='bbox 554 2363 667 2423; x_wconf 87' lang='lat' dir='ltr'>‘Valde</span> <span class='ocrx_word' id='word_1_178' title='bbox 681 2363 818 2424; x_wconf 86' lang='lat' dir='ltr'>hercule&#39;</span> <span class='ocrx_word' id='word_1_179' title='bbox 832 2360 930 2439; x_wconf 91' lang='lat' dir='ltr'>inquit</span> <span class='ocrx_word' id='word_1_180' title='bbox 944 2362 1070 2423; x_wconf 87' lang='lat' dir='ltr'>Catulus</span> <span class='ocrx_word' id='word_1_181' title='bbox 1085 2359 1208 2422; x_wconf 86' lang='lat' dir='ltr'>‘timide</span> 
     </span>
     <span class='ocr_line' id='line_1_23' title="bbox 198 2457 1207 2537; baseline 0.005 -21"><span class='ocrx_word' id='word_1_182' title='bbox 198 2466 351 2535; x_wconf 90' lang='lat' dir='ltr'>tamquam</span> <span class='ocrx_word' id='word_1_183' title='bbox 365 2460 405 2519; x_wconf 90' lang='lat' dir='ltr'>ad</span> <span class='ocrx_word' id='word_1_184' title='bbox 424 2457 555 2536; x_wconf 91' lang='lat' dir='ltr'>aliquem</span> <span class='ocrx_word' id='word_1_185' title='bbox 576 2457 709 2520; x_wconf 89' lang='lat' dir='ltr'>libidinis</span> <span class='ocrx_word' id='word_1_186' title='bbox 730 2461 888 2537; x_wconf 90' lang='lat' dir='ltr'>scopulum</span> <span class='ocrx_word' id='word_1_187' title='bbox 908 2457 952 2520; x_wconf 92' lang='lat' dir='ltr'>sic</span> <span class='ocrx_word' id='word_1_188' title='bbox 970 2469 1054 2519; x_wconf 92' lang='lat' dir='ltr'>tuam</span> <span class='ocrx_word' id='word_1_189' title='bbox 1073 2469 1207 2521; x_wconf 92' lang='lat' dir='ltr'>mentem</span> 
     </span>
     <span class='ocr_line' id='line_1_24' title="bbox 162 2554 1208 2635; baseline 0.003 -21"><span class='ocrx_word' id='word_1_190' title='bbox 162 2618 164 2623; x_wconf 68' lang='grc'>,</span> <span class='ocrx_word' id='word_1_191' title='bbox 197 2556 236 2615; x_wconf 92' lang='lat' dir='ltr'>ad</span> <span class='ocrx_word' id='word_1_192' title='bbox 267 2554 489 2633; x_wconf 86' lang='lat' dir='ltr'>philosophiam</span> <span class='ocrx_word' id='word_1_193' title='bbox 519 2555 668 2634; x_wconf 83' lang='lat' dir='ltr'>appulisti,</span> <span class='ocrx_word' id='word_1_194' title='bbox 698 2577 789 2634; x_wconf 93' lang='lat' dir='ltr'>quam</span> <span class='ocrx_word' id='word_1_195' title='bbox 817 2558 892 2618; x_wconf 89' lang='lat' dir='ltr'>haec</span> <span class='ocrx_word' id='word_1_196' title='bbox 920 2555 1023 2617; x_wconf 90' lang='lat' dir='ltr'>civitas</span> <span class='ocrx_word' id='word_1_197' title='bbox 1050 2567 1208 2635; x_wconf 86' lang='lat' dir='ltr'>aspernata</span> 
     </span>
     <span class='ocr_line' id='line_1_25' title="bbox 197 2653 1207 2732; baseline 0.002 -20"><span class='ocrx_word' id='word_1_198' title='bbox 197 2673 363 2731; x_wconf 91' lang='lat' dir='ltr'>numquam</span> <span class='ocrx_word' id='word_1_199' title='bbox 377 2663 443 2727; x_wconf 91' lang='lat' dir='ltr'>est;</span> <span class='ocrx_word' id='word_1_200' title='bbox 469 2673 541 2713; x_wconf 90' lang='lat' dir='ltr'>nam</span> <span class='ocrx_word' id='word_1_201' title='bbox 563 2663 593 2714; x_wconf 91' lang='lat' dir='ltr'>et</span> <span class='ocrx_word' id='word_1_202' title='bbox 611 2655 725 2715; x_wconf 87' lang='lat' dir='ltr'>referta·</span> <span class='ocrx_word' id='word_1_203' title='bbox 736 2656 892 2732; x_wconf 90' lang='lat' dir='ltr'>quondam</span> <span class='ocrx_word' id='word_1_204' title='bbox 907 2653 995 2715; x_wconf 86' lang='lat' dir='ltr'>Italia</span> <span class='ocrx_word' id='word_1_205' title='bbox 1009 2654 1207 2730; x_wconf 86' lang='lat' dir='ltr'>Pythagoreo·</span> 
     </span>
     <span class='ocr_line' id='line_1_26' title="bbox 197 2750 1251 2831; baseline -0.001 -20"><span class='ocrx_word' id='word_1_206' title='bbox 197 2771 263 2811; x_wconf 91' lang='lat' dir='ltr'>rum</span> <span class='ocrx_word' id='word_1_207' title='bbox 284 2751 340 2811; x_wconf 86' lang='lat' dir='ltr'>suit</span> <span class='ocrx_word' id='word_1_208' title='bbox 360 2762 434 2824; x_wconf 91' lang='lat' dir='ltr'>tum,</span> <span class='ocrx_word' id='word_1_209' title='bbox 449 2771 520 2812; x_wconf 92' lang='lat' dir='ltr'>cum</span> <span class='ocrx_word' id='word_1_210' title='bbox 541 2761 603 2812; x_wconf 91' lang='lat' dir='ltr'>erat</span> <span class='ocrx_word' id='word_1_211' title='bbox 623 2751 655 2811; x_wconf 92' lang='lat' dir='ltr'>in</span> <span class='ocrx_word' id='word_1_212' title='bbox 676 2753 734 2812; x_wconf 91' lang='lat' dir='ltr'>hac</span> <span class='ocrx_word' id='word_1_213' title='bbox 753 2763 843 2830; x_wconf 88' lang='lat' dir='ltr'>gente</span> <span class='ocrx_word' id='word_1_214' title='bbox 864 2771 972 2831; x_wconf 80' lang='lat' dir='ltr'>magna</span> <span class='ocrx_word' id='word_1_215' title='bbox 993 2750 1043 2812; x_wconf 90' lang='lat' dir='ltr'>illa</span> <span class='ocrx_word' id='word_1_216' title='bbox 1060 2750 1187 2812; x_wconf 89' lang='lat' dir='ltr'>Graecia</span> <span class='ocrx_word' id='word_1_217' title='bbox 1198 2773 1207 2826; x_wconf 91' lang='lat'>;</span> <span class='ocrx_word' id='word_1_218' title='bbox 1222 2777 1251 2826; x_wconf 84' lang='lat'>²5</span> 
     </span>
     <span class='ocr_line' id='line_1_27' title="bbox 197 2848 1205 2929; baseline -0.002 -20"><span class='ocrx_word' id='word_1_219' title='bbox 197 2870 235 2910; x_wconf 88' lang='lat' dir='ltr'>ex</span> <span class='ocrx_word' id='word_1_220' title='bbox 253 2869 314 2926; x_wconf 92' lang='lat' dir='ltr'>quo</span> <span class='ocrx_word' id='word_1_221' title='bbox 333 2849 422 2910; x_wconf 89' lang='lat' dir='ltr'>etiam</span> <span class='ocrx_word' id='word_1_222' title='bbox 441 2848 565 2927; x_wconf 92' lang='lat' dir='ltr'>quidam</span> <span class='ocrx_word' id='word_1_223' title='bbox 583 2851 716 2911; x_wconf 90' lang='lat' dir='ltr'>Numam</span> <span class='ocrx_word' id='word_1_224' title='bbox 734 2849 924 2929; x_wconf 89' lang='lat' dir='ltr'>Pompilium,</span> <span class='ocrx_word' id='word_1_225' title='bbox 941 2868 1041 2926; x_wconf 86' lang='lat' dir='ltr'>regem</span> <span class='ocrx_word' id='word_1_226' title='bbox 1060 2859 1205 2921; x_wconf 89' lang='lat' dir='ltr'>nostrum,</span> 
     </span>
     <span class='ocr_line' id='line_1_28' title="bbox 198 2944 1207 3026; baseline -0.001 -20"><span class='ocrx_word' id='word_1_227' title='bbox 198 2946 288 3008; x_wconf 83' lang='lat' dir='ltr'>luisse</span> <span class='ocrx_word' id='word_1_228' title='bbox 313 2948 532 3025; x_wconf 83' lang='lat' dir='ltr'>Pythagoreum</span> <span class='ocrx_word' id='word_1_229' title='bbox 557 2949 663 3020; x_wconf 85' lang='lat' dir='ltr'>ferunt,</span> <span class='ocrx_word' id='word_1_230' title='bbox 688 2946 740 3026; x_wconf 94' lang='lat' dir='ltr'>qui</span> <span class='ocrx_word' id='word_1_231' title='bbox 763 2946 849 3007; x_wconf 91' lang='lat' dir='ltr'>annis</span> <span class='ocrx_word' id='word_1_232' title='bbox 873 2958 944 3007; x_wconf 89' lang='lat' dir='ltr'>ante</span> <span class='ocrx_word' id='word_1_233' title='bbox 971 2944 1126 3024; x_wconf 89' lang='lat' dir='ltr'>permultis</span> <span class='ocrx_word' id='word_1_234' title='bbox 1150 2945 1207 3014; x_wconf 84' lang='lat' dir='ltr'>suit</span> 
     </span>
     <span class='ocr_line' id='line_1_29' title="bbox 198 3043 1204 3123; baseline -0.002 -19"><span class='ocrx_word' id='word_1_235' title='bbox 198 3064 288 3122; x_wconf 90' lang='lat' dir='ltr'>quam</span> <span class='ocrx_word' id='word_1_236' title='bbox 306 3044 369 3122; x_wconf 91' lang='lat' dir='ltr'>ipse</span> <span class='ocrx_word' id='word_1_237' title='bbox 385 3047 586 3123; x_wconf 84' lang='lat' dir='ltr'>Pythagoras;</span> <span class='ocrx_word' id='word_1_238' title='bbox 605 3065 675 3122; x_wconf 91' lang='lat' dir='ltr'>quo</span> <span class='ocrx_word' id='word_1_239' title='bbox 696 3044 786 3106; x_wconf 89' lang='lat' dir='ltr'>etiam</span> <span class='ocrx_word' id='word_1_240' title='bbox 806 3043 900 3105; x_wconf 88' lang='lat' dir='ltr'>maior</span> <span class='ocrx_word' id='word_1_241' title='bbox 914 3043 957 3103; x_wconf 88' lang='lat' dir='ltr'>vir</span> <span class='ocrx_word' id='word_1_242' title='bbox 973 3043 1131 3109; x_wconf 85' lang='lat' dir='ltr'>habendus</span> <span class='ocrx_word' id='word_1_243' title='bbox 1150 3053 1204 3115; x_wconf 88' lang='lat' dir='ltr'>est,</span> 
     </span>
     <span class='ocr_line' id='line_1_30' title="bbox 195 3139 1206 3221; baseline -0.003 -19"><span class='ocrx_word' id='word_1_244' title='bbox 195 3141 340 3220; x_wconf 92' lang='lat' dir='ltr'>quoniam</span> <span class='ocrx_word' id='word_1_245' title='bbox 368 3141 450 3203; x_wconf 93' lang='lat' dir='ltr'>illam</span> <span class='ocrx_word' id='word_1_246' title='bbox 478 3140 654 3221; x_wconf 88' lang='lat' dir='ltr'>sapientiam</span> <span class='ocrx_word' id='word_1_247' title='bbox 678 3142 906 3203; x_wconf 88' lang='lat' dir='ltr'>constituendae</span> <span class='ocrx_word' id='word_1_248' title='bbox 930 3139 1057 3201; x_wconf 89' lang='lat' dir='ltr'>civitatis</span> <span class='ocrx_word' id='word_1_249' title='bbox 1085 3140 1206 3200; x_wconf 91' lang='lat' dir='ltr'>duobus</span> 
     </span>
     <span class='ocr_line' id='line_1_31' title="bbox 197 3236 1251 3318; baseline 0.001 -20"><span class='ocrx_word' id='word_1_250' title='bbox 197 3258 291 3318; x_wconf 91' lang='lat' dir='ltr'>prope</span> <span class='ocrx_word' id='word_1_251' title='bbox 305 3239 431 3300; x_wconf 89' lang='lat' dir='ltr'>saeculis</span> <span class='ocrx_word' id='word_1_252' title='bbox 448 3250 518 3300; x_wconf 88' lang='lat' dir='ltr'>ante</span> <span class='ocrx_word' id='word_1_253' title='bbox 539 3238 686 3316; x_wconf 84' lang='lat' dir='ltr'>cognovit,</span> <span class='ocrx_word' id='word_1_254' title='bbox 703 3259 794 3317; x_wconf 92' lang='lat' dir='ltr'>quam</span> <span class='ocrx_word' id='word_1_255' title='bbox 811 3258 878 3299; x_wconf 89' lang='lat' dir='ltr'>eam</span> <span class='ocrx_word' id='word_1_256' title='bbox 894 3236 1001 3299; x_wconf 90' lang='lat' dir='ltr'>Graeci</span> <span class='ocrx_word' id='word_1_257' title='bbox 1019 3248 1121 3297; x_wconf 88' lang='lat' dir='ltr'>natam</span> <span class='ocrx_word' id='word_1_258' title='bbox 1140 3256 1206 3298; x_wconf 91' lang='lat' dir='ltr'>esse</span> <span class='ocrx_word' id='word_1_259' title='bbox 1221 3262 1251 3311; x_wconf 78' lang='lat'>30</span> 
     </span>
    </p>
   </div>
   <div class='ocr_carea' id='block_1_3' title="bbox 137 2327 185 2469">
    <p class='ocr_par' dir='ltr' id='par_1_3' title="bbox 137 2327 185 2469">
     <span class='ocr_line' id='line_1_32' title="bbox 144 2327 185 2388; baseline 0.049 -2"><span class='ocrx_word' id='word_1_260' title='bbox 144 2327 185 2388; x_wconf 86' lang='grc'>37</span> 
     </span>
     <span class='ocr_line' id='line_1_33' title="bbox 137 2416 184 2469; baseline 0.064 -3"><span class='ocrx_word' id='word_1_261' title='bbox 137 2416 184 2469; x_wconf 86' lang='lat'>154</span> 
     </span>
    </p>
   </div>
   <div class='ocr_carea' id='block_1_4' title="bbox 166 3391 1298 3770">
    <p class='ocr_par' dir='ltr' id='par_1_4' title="bbox 166 3391 1298 3770">
     <span class='ocr_line' id='line_1_34' title="bbox 232 3391 1205 3457; baseline -0.001 -15"><span class='ocrx_word' id='word_1_262' title='bbox 232 3392 264 3442; x_wconf 88' lang='lat' dir='ltr'><em>M</em></span> <span class='ocrx_word' id='word_1_263' title='bbox 273 3416 294 3433; x_wconf 88' lang='lat'><em>=</em></span> <span class='ocrx_word' id='word_1_264' title='bbox 307 3394 391 3442; x_wconf 87' lang='lat' dir='ltr'>AEH</span> <span class='ocrx_word' id='word_1_265' title='bbox 500 3394 665 3456; x_wconf 83' lang='lat' dir='ltr'>rproposuit</span> <span class='ocrx_word' id='word_1_266' title='bbox 683 3393 706 3441; x_wconf 92' lang='lat' dir='ltr'><em>L</em></span> <span class='ocrx_word' id='word_1_267' title='bbox 726 3394 796 3457; x_wconf 77' lang='lat' dir='ltr'>vulg.</span> <span class='ocrx_word' id='word_1_268' title='bbox 895 3393 1040 3455; x_wconf 76' lang='lat' dir='ltr'>argumenti</span> <span class='ocrx_word' id='word_1_269' title='bbox 1059 3391 1103 3442; x_wconf 89' lang='lat' dir='ltr'>M:</span> <span class='ocrx_word' id='word_1_270' title='bbox 1130 3407 1205 3454; x_wconf 77' lang='lat' dir='ltr'>argu·</span> 
     </span>
     <span class='ocr_line' id='line_1_35' title="bbox 166 3457 1298 3523; baseline 0.001 -16"><span class='ocrx_word' id='word_1_271' title='bbox 166 3516 168 3519; x_wconf 22' lang='lat'>¹</span> <span class='ocrx_word' id='word_1_272' title='bbox 199 3460 278 3508; x_wconf 89' lang='lat' dir='ltr'>menti</span> <span class='ocrx_word' id='word_1_273' title='bbox 291 3457 557 3522; x_wconf 64' lang='lat' dir='ltr'>ratio-yLamln&#39;nua:</span> <span class='ocrx_word' id='word_1_274' title='bbox 574 3457 814 3520; x_wconf 74' lang='lat' dir='ltr'>argumentatioL:</span> <span class='ocrx_word' id='word_1_275' title='bbox 830 3473 885 3520; x_wconf 82' lang='lat' dir='ltr'>arg.</span> <span class='ocrx_word' id='word_1_276' title='bbox 900 3459 1006 3518; x_wconf 71' lang='lat' dir='ltr'>viacga</span> <span class='ocrx_word' id='word_1_277' title='bbox 1048 3509 1050 3513; x_wconf 16' lang='lat'><strong>¹</strong></span> <span class='ocrx_word' id='word_1_278' title='bbox 1091 3459 1205 3519; x_wconf 68' lang='lat' dir='ltr'>amagis</span> <span class='ocrx_word' id='word_1_279' title='bbox 1295 3518 1298 3523; x_wconf 25' lang='grc' dir='ltr'>Ι</span> 
     </span>
     <span class='ocr_line' id='line_1_36' title="bbox 195 3522 1208 3586; baseline -0.002 -12"><span class='ocrx_word' id='word_1_280' title='bbox 195 3526 294 3579; x_wconf 70' lang='lat' dir='ltr'>seclusit</span> <span class='ocrx_word' id='word_1_281' title='bbox 304 3524 427 3578; x_wconf 64' lang='lat' dir='ltr'>Fnssedn&#39;clr</span> <span class='ocrx_word' id='word_1_282' title='bbox 527 3524 745 3586; x_wconf 86' lang='lat' dir='ltr'>8putaramusA</span> <span class='ocrx_word' id='word_1_283' title='bbox 757 3542 763 3574; x_wconf 76' lang='grc' dir='ltr'><strong>ε</strong></span> <span class='ocrx_word' id='word_1_284' title='bbox 790 3531 907 3586; x_wconf 83' lang='lat' dir='ltr'>putaram</span> <span class='ocrx_word' id='word_1_285' title='bbox 919 3522 989 3579; x_wconf 88' lang='lat' dir='ltr'>HL:</span> <span class='ocrx_word' id='word_1_286' title='bbox 1021 3523 1208 3586; x_wconf 84' lang='lat' dir='ltr'>putaremusE</span> 
     </span>
     <span class='ocr_line' id='line_1_37' title="bbox 202 3587 1205 3652; baseline 0.001 -16"><span class='ocrx_word' id='word_1_287' title='bbox 202 3604 232 3652; x_wconf 87' lang='lat'>15</span> <span class='ocrx_word' id='word_1_288' title='bbox 248 3590 352 3643; x_wconf 85' lang='lat' dir='ltr'>videndi</span> <span class='ocrx_word' id='word_1_289' title='bbox 364 3588 396 3638; x_wconf 87' lang='lat' dir='ltr'><em>M</em></span> <span class='ocrx_word' id='word_1_290' title='bbox 461 3604 490 3651; x_wconf 79' lang='lat'>17</span> <span class='ocrx_word' id='word_1_291' title='bbox 504 3590 529 3644; x_wconf 73' lang='lat' dir='ltr'>‚si</span> <span class='ocrx_word' id='word_1_292' title='bbox 544 3590 600 3650; x_wconf 88' lang='lat' dir='ltr'>ipsa</span> <span class='ocrx_word' id='word_1_293' title='bbox 611 3590 662 3638; x_wconf 86' lang='lat' dir='ltr'>iarn</span> <span class='ocrx_word' id='word_1_294' title='bbox 674 3590 778 3639; x_wconf 86' lang='lat' dir='ltr'>audires</span> <span class='ocrx_word' id='word_1_295' title='bbox 790 3587 836 3640; x_wconf 89' lang='lat' dir='ltr'>M:</span> <span class='ocrx_word' id='word_1_296' title='bbox 854 3591 959 3639; x_wconf 81' lang='lat' dir='ltr'>audires</span> <span class='ocrx_word' id='word_1_297' title='bbox 971 3606 998 3646; x_wconf 89' lang='lat' dir='ltr'>m</span> <span class='ocrx_word' id='word_1_298' title='bbox 1082 3604 1115 3650; x_wconf 78' lang='lat'>²9</span> <span class='ocrx_word' id='word_1_299' title='bbox 1136 3603 1205 3649; x_wconf 86' lang='lat' dir='ltr'>quo-</span> 
     </span>
     <span class='ocr_line' id='line_1_38' title="bbox 198 3653 1205 3719; baseline -0.003 -15"><span class='ocrx_word' id='word_1_300' title='bbox 198 3657 266 3704; x_wconf 83' lang='lat' dir='ltr'>niam</span> <span class='ocrx_word' id='word_1_301' title='bbox 279 3655 399 3705; x_wconf 78' lang='lat' dir='ltr'>Stroebel:</span> <span class='ocrx_word' id='word_1_302' title='bbox 418 3670 496 3716; x_wconf 86' lang='lat' dir='ltr'>quom</span> <span class='ocrx_word' id='word_1_303' title='bbox 514 3655 596 3719; x_wconf 85' lang='lat' dir='ltr'>(cum)</span> <span class='ocrx_word' id='word_1_304' title='bbox 614 3653 660 3702; x_wconf 90' lang='lat' dir='ltr'>M:</span> <span class='ocrx_word' id='word_1_305' title='bbox 673 3657 749 3717; x_wconf 84' lang='lat' dir='ltr'>&#39;quod</span> <span class='ocrx_word' id='word_1_306' title='bbox 768 3655 850 3716; x_wconf 83' lang='lat' dir='ltr'>Soros</span> <span class='ocrx_word' id='word_1_307' title='bbox 950 3669 1026 3704; x_wconf 87' lang='lat' dir='ltr'>cum.</span> <span class='ocrx_word' id='word_1_308' title='bbox 1042 3690 1048 3704; x_wconf 93' lang='lat'><strong>.</strong></span> <span class='ocrx_word' id='word_1_309' title='bbox 1064 3689 1070 3704; x_wconf 92' lang='lat'>.</span> <span class='ocrx_word' id='word_1_310' title='bbox 1085 3653 1205 3715; x_wconf 81' lang='lat' dir='ltr'>cognorit</span> 
     </span>
     <span class='ocr_line' id='line_1_39' title="bbox 198 3719 1103 3770; baseline 0 -1"><span class='ocrx_word' id='word_1_311' title='bbox 198 3721 349 3770; x_wconf 78' lang='lat' dir='ltr'>Hmrr&#39;chsm</span> <span class='ocrx_word' id='word_1_312' title='bbox 1023 3719 1026 3724; x_wconf 66' lang='grc'><strong>”</strong></span> <span class='ocrx_word' id='word_1_313' title='bbox 1101 3725 1103 3727; x_wconf 81' lang='grc'><strong>’</strong></span> 
     </span>
    </p>
   </div>
   <div class='ocr_carea' id='block_1_5' title="bbox 0 0 1328 4216">
    <p class='ocr_par' dir='ltr' id='par_1_5' title="bbox 0 0 1328 4216">
     <span class='ocr_line' id='line_1_40' title="bbox 0 0 1328 4216; baseline 0 1"><span class='ocrx_word' id='word_1_314' title='bbox 0 0 1328 4216; x_wconf 95' lang='lat' dir='ltr'> </span> 
     </span>
    </p>
   </div>
  </div>
 </body>
</html>
