2648 4216
450 265 509 326 DE
529 266 736 329 ORATORE
778 270 811 330 11
1142 287 1187 350 49
1199 294 1244 334 aot

127 441 158 492 et
180 429 342 492 acerrimus
369 429 400 491 in
423 431 585 512 Caepionis
612 432 725 495 invidia
745 437 917 497 renovanda
944 449 974 498 et
998 436 1028 498 in
1057 435 1132 499 meis

127 528 262 590 moribus
279 548 348 607 erga
365 549 449 590 meos
466 529 650 592 necessarios
667 531 855 592 declarandis
874 533 1132 596 mansuetissimus

126 624 260 687 viderer:
281 625 323 687 ita
336 626 430 705 magis
438 627 565 689 adfectis
577 627 686 688 animis
701 627 834 690 iudicum
849 649 940 708 quam
954 630 1060 704 doctis,
1071 642 1129 706 tua,

128 721 249 801 Sulpici,
272 734 319 784 est
338 743 358 784 a
377 723 466 785 nobis
487 735 552 785 tum
573 724 726 786 accusatio
750 725 845 786 victa’
889 725 951 787 Hic
973 727 1130 806 Sulpicius,
1147 784 1193 821 m

97 837 113 889 s
130 824 215 882 ‘vere
228 822 346 896 hercle,'
364 820 463 899 inquit
480 822 623 898 ‘Antoni
644 821 700 884 ista
716 843 956 900 commemoras;
986 845 1056 885 narn
1076 845 1133 903 ego

127 917 203 978 nihil
216 938 360 998 umquam
380 919 451 994 vidi,
467 922 550 998 quod
571 931 633 981 tam
654 941 672 982 e
692 920 831 981 manibus
847 921 1020 996 elaberetur,
1041 941 1131 999 quarn

128 1015 202 1075 mihi
216 1024 281 1076 tum
302 1026 347 1077 est
361 1019 463 1095 elapsa
482 1017 534 1078 illa
554 1016 619 1096 ipsa
639 1037 737 1078 causa
781 1019 860 1080 Cum
880 1017 972 1094 enim,
987 1039 1077 1097 quern
1091 1019 1132 1080 ad

128 1114 254 1173 modurn
268 1112 377 1188 dixisti,
392 1113 448 1175 tibi
462 1134 519 1192 ego
533 1134 595 1175 non
614 1114 767 1189 iudicium,
783 1117 837 1177 sed
852 1115 1025 1177 incendium
1046 1115 1133 1177 tradi-

128 1210 249 1286 dissem,
272 1211 356 1288 quod
380 1222 465 1271 tuum
489 1211 678 1290 principium,
701 1211 734 1274 di
761 1213 950 1288 immortales,
976 1213 1049 1274 fuit!
1079 1213 1132 1292 qui

83 1307 235 1372 rotimorl
269 1329 348 1387 quae
372 1308 529 1384 dubitatio,
558 1321 671 1388 quanta
695 1310 851 1372 haesitatio
879 1322 1050 1389 tractusque
1071 1331 1133 1372 ver·

127 1404 255 1466 borum!
283 1408 327 1468 Ut
341 1416 374 1466 tu
388 1404 462 1467 illud
476 1405 570 1479 initio,
586 1408 670 1484 quod
683 1405 738 1467 tibi
752 1426 845 1467 unum
860 1407 899 1466 ad
914 1406 1131 1485 ignoscendum

127 1501 267 1563 homines
295 1502 416 1576 dabant,
446 1501 576 1576 tenuisti,
606 1513 636 1563 te
667 1522 721 1581 pro
749 1503 873 1564 homine
900 1503 1129 1582 pernecessario,

127 1611 286 1678 quaestore
305 1611 367 1672 tuo,
391 1599 511 1661 dicere!
546 1602 648 1677 Quam
671 1599 725 1660 tibi
746 1600 875 1678 primum
897 1600 1020 1661 munisti
1039 1603 1080 1662 ad
1100 1611 1131 1663 te

126 1697 312 1759 audiendum
320 1696 407 1758 viam.
452 1701 533 1759 Ecce
539 1710 651 1772 autem,
663 1718 732 1759 cum
744 1698 861 1759 tenihil
874 1699 957 1760 aliud
971 1699 1132 1779 profecisse
1146 1719 1195 1771 203

84 1818 114 1872 ¹5
126 1795 290 1870 arbitrarer,
305 1794 362 1856 nisi
376 1806 410 1855 ut
423 1795 562 1857 homines
580 1795 636 1856 tibi
656 1795 753 1857 civem
767 1795 937 1874 improbum
957 1796 1132 1858 defendenti

127 1891 345 1971 ignoscendum
365 1904 487 1972 propter
504 1891 758 1955 necessitudinem
775 1893 992 1967 arbitrarentur,
1013 1914 1131 1973 serpere

126 1992 246 2052 occulte
265 1989 399 2069 coepisti,
419 1990 493 2051 nihil
508 1993 582 2052 dum
596 1990 661 2052 aliis
676 1991 905 2070 suspicantibus,
922 2012 971 2053 me
984 2012 1055 2054 vero
1069 1992 1129 2053 iam

126 2087 364 2173 pertimescente,
380 2099 414 2148 ut
427 2087 509 2149 illam
524 2109 586 2149 non
601 2088 738 2149 Norbani
754 2088 942 2163 seditionem,
958 2091 1011 2150 sed
1025 2087 1130 2169 popuii

128 2185 260 2246 Romani
279 2185 464 2247 iracundiam
485 2206 584 2264 neque
605 2206 672 2247 eam
694 2186 842 2259 iniustam,
863 2188 917 2248 sed
938 2186 1073 2247 meritam
1093 2206 1130 2247 ac

83 2306 114 2342 ao
127 2283 261 2345 debitam
275 2283 366 2344 fuisse
383 2285 567 2346 defenderes
613 2283 733 2345 Deinde
752 2284 804 2362 qui
818 2286 903 2345 locus
918 2304 937 2345 a
956 2296 986 2346 te
1004 2296 1131 2364 praeter·

127 2381 235 2442 missus
248 2392 294 2442 est
312 2381 344 2441 in
363 2381 574 2460 Caepionem?
609 2384 653 2444 Ut
670 2393 702 2442 tu
720 2381 771 2442 illa
789 2381 891 2443 omnia
911 2381 991 2455 odio,
1007 2381 1127 2455 invidia,

126 2477 329 2540 misericordia
347 2477 513 2540 miscuisti!
549 2481 658 2557 Neque
677 2481 753 2540 haec
770 2481 867 2540 solum
890 2478 921 2538 in
942 2480 1126 2552 defensione,

126 2576 284 2638 sedetiam
300 2575 331 2636 in
345 2578 458 2637 Scauro
477 2576 643 2655 ceterisque
661 2576 736 2637 meis
757 2575 891 2650 testibus,
907 2595 1035 2653 quorum
1050 2575 1129 2637 testi·

126 2673 228 2736 monia
249 2695 312 2736 non
339 2676 512 2751 refellendo,
542 2677 596 2736 sed
623 2676 664 2737 ad
692 2675 823 2741 eundem
851 2673 995 2752 impetum
1024 2674 1128 2752 populi

81 2794 111 2844 ²5
125 2772 326 2850 confugiendo
340 2771 473 2833 refutasti
485 2795 494 2848 ;
514 2792 592 2850 quae
607 2792 676 2832 cum
695 2772 749 2833 abs
764 2782 794 2831 te
808 2772 901 2831 modo
914 2790 1128 2832 commemora·
1143 2794 1191 2848 204

124 2884 233 2944 rentur,
249 2869 389 2948 equidem
404 2872 487 2930 nulla
495 2881 654 2948 praecepta
667 2868 874 2930 desiderabam
887 2889 896 2942 ;
916 2866 1011 2945 ipsam
1027 2878 1127 2927 tarnen

124 2967 212 3028 istam
236 2966 523 3029 demonstrationem
544 2966 754 3028 defensionum
778 2976 895 3025 tuarum
919 2961 985 3046 [abs
1009 2963 1128 3043 teipso

124 3063 403 3147 commemoratam]
417 3064 585 3126 doctrinam
600 3084 666 3125 esse
680 3084 743 3123 non
757 3062 939 3123 mediocrem
954 3063 1046 3139 puto'
1118 3107 1121 3119 ,

167 3161 286 3240 ‘Atqui
302 3162 327 3223 si
346 3161 387 3222 ita
403 3163 520 3242 placet,’
534 3160 632 3239 inquit
648 3157 824 3242 [Antonius]
843 3160 1012 3219 ‘trademus
1026 3157 1124 3233 etiam,

79 3279 111 3329 30
125 3280 203 3339 quae
236 3280 292 3321 nos
323 3258 409 3338 sequi
439 3258 471 3320 in
502 3258 634 3320 dicendo
665 3277 803 3336 quaeque
835 3255 963 3317 maxime
992 3266 1126 3332 spectare

156 3413 189 3463 M
198 3413 315 3465 =AEH
394 3411 578 3476 7ipsaom.L
629 3408 813 3463 causeamM
901 3408 1030 3459 edixiM
1095 3425 1126 3460 ιο

122 3477 476 3543 quantahaesitatioom.M
541 3495 569 3528 rr
589 3486 617 3526 ut
629 3476 800 3542 tu7(f):Tu
812 3474 845 3524 M
852 3476 987 3525 :Tamtu
1006 3483 1034 3524 ut
1047 3472 1125 3523 tuoL

125 3561 155 3607 13
173 3542 361 3596 dioereomM
437 3559 467 3606 14
478 3552 504 3593 te
516 3542 609 3593 om.M
697 3538 1014 3604 ascommemoranturM
1093 3555 1125 3602 ap

122 3612 385 3662 demonstrationem.
397 3646 404 3660 .
414 3645 420 3659 .
431 3616 651 3659 commemoratam
660 3623 710 3658 om.
719 3604 751 3654 M
791 3608 838 3657 abs
849 3642 854 3653 .
864 3641 871 3656 .
883 3640 889 3653 .
902 3613 1124 3655 commemoratam

121 3676 218 3726 seclusit
228 3677 324 3740 Kayser
388 3691 422 3738 29
438 3675 522 3736 inquit
530 3674 658 3724 Antonius
670 3689 721 3725 om.
735 3671 768 3720 M
830 3671 961 3721 Antonius
972 3687 1024 3720 om.
1037 3669 1060 3719 L
1108 3672 1118 3744 γ’

154 3774 203 3809 cre.
218 3773 252 3808 nr
264 3773 342 3808 onnr.
1042 3755 1061 3802 9
