2648 4216
454 267 513 325 nn
534 264 741 328 oxxroaa
783 265 816 326 11
1158 280 1265 345 ωηο

135 430 235 493 socius
257 430 347 505 suisti,
369 432 458 511 quod
482 451 549 493 eam
573 433 671 511 legem
698 429 731 492 in
758 430 910 493 tribanatu
935 429 1048 505 tulisti,
1062 431 1146 510 quod

135 549 253 608 semper
277 550 296 590 a
317 528 407 591 bonis
428 528 598 591 dissedisti.’
640 531 688 590 Ex
708 527 806 591 causis
827 540 929 592 autern
957 549 1055 590 rerum
1082 527 1147 594 sic:
1162 547 1208 604 ¹71

137 626 307 689 ‘avaritiam
323 629 348 688 si
362 629 466 689 tollere
479 621 577 702 vultis,
593 637 689 689 mater
701 625 766 690 eius
780 637 826 688 est
842 629 984 700 tollenda,
999 625 1148 687 luxuries'

135 728 182 787 Ex
202 725 246 787 eis
266 735 377 799 autem,
398 745 477 803 quae
497 736 568 786 sunt
588 736 654 787 orta
673 727 713 786 de
734 722 851 786 causis:
874 723 918 784 ‘si
938 723 1031 787 aerari
1051 722 1146 804 copiis

106 845 120 895 5
135 835 166 885 et
182 826 221 885 ad
240 822 312 884 belli
330 822 507 896 adiumenta
525 823 612 884 etad
633 833 808 884 ornamenta
826 821 909 899 pacis
922 821 1041 894 utimur,
1057 819 1147 882 vecti·

134 920 251 999 galibus
265 919 446 982 serviamus!
489 918 607 980 Maiora
622 930 723 980 autem
743 929 773 979 et
793 918 910 980 minora
926 929 956 980 et
969 917 1051 997 paria
1064 938 1146 979 com·
1160 926 1208 982 ¹⁷²

135 1017 306 1098 parabimus
333 1016 395 1079 sic:
424 1038 462 1079 ex
488 1017 619 1078 maiore:
652 1016 693 1077 ‘si
721 1017 802 1078 bona
829 1015 1008 1077 existimatio
1034 1014 1145 1077 divitiis

135 1126 264 1193 praestat
292 1126 323 1176 et
349 1114 480 1193 pecunia
507 1126 594 1175 tanto
619 1135 710 1193 opere
736 1113 890 1193 expetitur,
915 1124 1029 1192 quanto
1052 1112 1147 1192 gloria

136 1214 230 1293 magis
251 1226 297 1276 est
317 1217 487 1294 expetenda
500 1216 523 1275 l'
547 1235 584 1276 ex
604 1213 740 1276 minore:

90 1331 122 1368 ιο
382 1313 447 1374 ‘hic
467 1333 576 1392 parvae
596 1312 823 1375 consuetudinis

196 1431 288 1474 causa
306 1411 396 1472 huius
417 1422 544 1472 mortem
566 1423 627 1471 tam
648 1412 704 1471 sert
724 1410 922 1474 familiariter:

196 1508 271 1588 quid
291 1509 316 1570 si
338 1509 402 1588 ipse
423 1512 574 1570 amasset?
615 1507 698 1585 Quid
720 1507 769 1570 hic
791 1509 865 1569 mihi
885 1509 974 1571 faciet
994 1509 1112 1588 patri?’

136 1609 183 1668 Ex
200 1606 282 1686 pari:
308 1611 371 1668 ‘est
391 1606 527 1668 eiusdem
548 1616 579 1668 et
599 1606 712 1685 cripere
733 1617 763 1667 et
784 1618 888 1668 contra
908 1628 971 1668 rem
992 1607 1145 1686 publicam

135 1703 232 1782 largiri
255 1703 418 1783 pecunias!
460 1702 544 1765 Foris
568 1713 669 1765 autem
693 1705 892 1765 adsumuntur
913 1725 956 1778 ea,
980 1725 1057 1783 quae
1081 1726 1145 1767 non
1159 1726 1208 1781 173

93 1819 122 1870 15
135 1821 190 1863 sua
203 1801 241 1876 vi,
256 1804 311 1863 sed
325 1814 465 1864 extranea
480 1802 680 1876 sublevantur,
697 1813 730 1862 ut
749 1804 842 1864 haec:
866 1804 941 1864 ‘hoc
954 1823 1057 1862 verum
1079 1813 1144 1879 est;

134 1897 209 1959 dixit
233 1897 315 1960 enim
340 1900 378 1976 Q.
403 1898 548 1960 Lutatius.
603 1902 675 1960 Hoc
702 1901 810 1960 salsum
832 1911 878 1961 est
889 1921 898 1974 ;
932 1899 1035 1960 habita
1062 1899 1143 1961 enim

134 1997 270 2074 quaestio
284 2009 337 2059 est
382 2000 454 2059 Hoc
468 1997 554 2077 sequi
571 2017 694 2059 necesse
713 2009 776 2072 est;
801 1997 893 2059 recito
911 1997 993 2059 enim
1008 1999 1143 2059 tabulas)

136 2096 184 2155 De
202 2104 264 2172 quo
283 2115 392 2173 genere
409 2106 474 2157 toto
492 2097 583 2174 paulo
603 2106 673 2156 ante
692 2095 761 2157 dixi.
806 2097 903 2169 Haec,
917 2107 950 2156 ut
969 2095 1142 2157 brevissime
1159 2151 1168 2184 ι

133 2190 194 2252 dici
208 2203 378 2270 potuerunt,
394 2191 467 2252 itaa
486 2212 535 2253 me
555 2190 637 2253 dicta
657 2203 747 2268 sunt;
775 2204 808 2253 ut
829 2192 909 2254 enim
924 2192 949 2252 si
963 2212 1069 2253 aurum
1083 2191 1142 2266 cui,

90 2289 218 2364 eoquod
241 2299 320 2349 esset
347 2287 537 2350 multifariam
570 2290 733 2361 delossum,
763 2301 997 2351 commonstrare
1025 2291 1142 2364 vellem,

134 2384 204 2444 satis
226 2405 292 2447 esse
313 2386 445 2459 deberet,
468 2386 493 2447 si
516 2385 600 2464 signa
624 2396 654 2447 et
678 2398 765 2447 notas
787 2389 976 2449 ostenderem
998 2388 1142 2462 locorum,

1174 2144 1208 2200 74

133 2480 243 2560 quibus
268 2478 394 2562 cognitis
419 2483 483 2562 ipse
508 2483 566 2545 sibi
593 2487 710 2546 foderet
734 2496 764 2546 et
785 2484 817 2545 id
838 2486 921 2562 quod
942 2486 1031 2545 vellet
1051 2504 1143 2562 parvo

133 2580 243 2656 labore,
260 2584 344 2642 nullo
363 2602 469 2656 errore,
492 2581 637 2644 inveniret
647 2604 656 2658 ;
684 2581 727 2643 sic
748 2584 801 2642 has
823 2602 879 2660 ego
899 2592 1142 2660 argumentorum

132 2677 236 2738 notavi
255 2691 342 2740 notas
357 2701 432 2756 quae
447 2679 602 2758 quaerenti
623 2683 840 2753 demonstrant,
854 2679 907 2740 ubi
924 2679 984 2739 sint
993 2701 1002 2753 3
1029 2680 1142 2758 reliqua

90 2793 120 2843 ²5
133 2796 205 2837 cura
225 2786 256 2838 et
276 2776 458 2855 cogitatione
479 2789 622 2839 eruuntur
633 2801 642 2854 3
673 2780 758 2857 quod
778 2789 878 2838 autem
899 2788 1141 2855 argumentorum
1158 2800 1203 2856 ¹75

132 2893 227 2951 genus
247 2874 357 2952 cuique
378 2895 534 2935 causarum
555 2875 657 2953 generi
678 2875 806 2937 maxime
827 2875 994 2950 conveniat,
1012 2896 1076 2937 non
1096 2887 1142 2937 est

132 2969 203 3030 artis
221 2971 385 3049 exquisitae
397 2973 615 3049 praescribere,
638 2975 691 3035 sed
711 2985 756 3035 est
776 2972 935 3034 mediocris
954 2972 1054 3048 ingeni
1068 2972 1142 3034 iudi·

132 3086 208 3141 care,
225 3088 324 3146 neque
338 3067 419 3129 enim
434 3089 515 3130 nunc
529 3069 561 3131 id
580 3070 703 3148 agimus,
720 3082 753 3131 ut
767 3082 861 3131 artem
875 3069 1006 3147 aliquam
1020 3069 1142 3131 dicendi

166 3221 199 3270 M
209 3248 230 3266 =
243 3223 326 3273 ΑΕΗ
423 3240 434 3272 1
453 3227 521 3286 quod
534 3225 643 3275 eamL:
667 3228 770 3288 quidem
783 3225 816 3275 M
921 3242 936 3274 a
955 3225 1104 3275 dissensisti
1117 3225 1141 3274 L

131 3289 149 3335 6
165 3291 237 3351 paria
251 3290 306 3350 (viii
318 3290 365 3339 tlt.
376 3296 438 3353 spat.
452 3291 520 3354 vac.)
533 3306 590 3340 mus
601 3290 646 3340 H:
670 3293 741 3354 paria
749 3321 754 3332 ·
763 3307 819 3341 mus
831 3292 856 3339 A
869 3310 876 3341 r
900 3292 973 3355 paria
984 3292 1142 3353 comparabi-

132 3367 190 3404 mus
210 3355 268 3404 A‘:
298 3355 371 3417 paria
389 3371 527 3417 queramus
546 3356 623 3405 HlE²
708 3372 738 3417 13
755 3373 784 3406 es
801 3356 834 3404 M
899 3356 1026 3419 publicam
1043 3373 1093 3406 om.
1113 3355 1145 3405 M

134 3434 163 3480 17
182 3419 263 3469 recito
273 3419 358 3470 codd:
377 3421 457 3469 recita
467 3419 549 3483 Sorof
641 3438 674 3471 20
690 3438 766 3484 quom
780 3421 861 3471 idM:
881 3423 949 3484 quod
962 3423 1028 3470 idm
1108 3438 1141 3470 αα

131 3483 175 3532 ille
193 3485 241 3534 sibi
257 3485 314 3547 ipse
329 3486 352 3535 L
467 3503 498 3547 ⁹4
516 3487 605 3535 notavi
629 3496 703 3536 notas
715 3503 781 3549 quae
799 3487 936 3548 quaerenti
960 3488 1141 3542 demonstrant

130 3547 237 3600 Paearce:
255 3551 314 3600 novi
326 3548 394 3601 ML:
412 3552 482 3600 volui
494 3551 518 3600 Io
528 3551 629 3601 Ellendt
697 3567 764 3614 quae
776 3551 821 3600 illa
832 3553 893 3601 mihi
906 3550 966 3614 qL
1034 3553 1141 3601 demon·

130 3622 213 3728 ιξτῖηῐ
230 3613 301 3664 ML:
324 3618 493 3666 demonstrari
512 3632 557 3666 m:
580 3618 757 3668 demonstrare
774 3617 875 3667 Ellendt
980 3632 1012 3678 27
1029 3618 1076 3666 sed
1095 3615 1127 3665 M
1133 3634 1139 3663 ,·

131 3695 146 3728 e
