2648 4216
127 261 208 331 25⁹⁶
498 253 542 312 M.
563 252 694 311 Tuum
715 250 949 313 monierus

220 421 306 501 quasi
333 422 491 483 verborum
522 415 796 500 sententiarumque
824 418 954 492 floribus,
984 417 1016 480 id
1042 439 1105 480 non
1134 420 1228 480 debet

219 539 287 581 esse
316 521 416 579 fusum
443 517 639 596 aequabiliter
665 538 719 596 per
748 537 871 576 omnem
898 516 1072 589 orationem,
1102 519 1156 577 sed
1186 515 1228 576 ita

222 616 405 690 distinctum,
435 627 468 677 ut
500 615 560 676 sint
592 615 677 694 quasi
705 615 737 674 in
770 626 875 675 ornatu
903 614 1049 693 disposita
1075 616 1228 692 quaedam

177 730 209 785 97
222 713 349 791 insignia
372 724 402 775 et
427 713 547 773 lumina
591 714 696 774 Genus
718 711 806 790 igitur
830 711 950 773 dicendi
975 723 1020 772 est
1043 713 1225 790 eligendum,

223 813 307 890 quod
326 811 454 871 maxime
472 821 573 872 teneat
591 831 652 885 eos,
674 810 726 888 qui
744 809 877 884 audiant,
895 821 926 871 et
943 811 1027 888 quod
1046 830 1108 870 non
1127 813 1256 877 solums

223 910 359 982 delectet,
375 911 429 969 sed
446 906 536 969 etiam
553 907 619 968 sine
637 908 772 969 satietate
791 910 919 969 delectet
928 929 937 983 ;
958 928 1020 969 non
1039 908 1121 968 eninr
1139 928 1158 968 a
1178 929 1228 969 me

223 1004 283 1065 iarn
302 1003 464 1083 exspectari
483 1015 568 1082 puto,
586 1014 620 1064 ut
638 1025 791 1078 moneam,
809 1015 842 1064 ut
860 1003 997 1077 caveatis,
1017 1024 1056 1064 ne
1075 1004 1166 1078 exilis,
1188 1026 1228 1066 ne

224 1100 338 1161 inculta
361 1100 399 1161 sit
422 1112 519 1161 vestra
543 1100 649 1175 oratio,
672 1121 711 1161 ne
735 1100 869 1178 vulgaris,
896 1120 936 1162 ne
959 1102 1114 1176 obsoleta;
1143 1101 1228 1162 aliud

224 1198 369 1276 quiddam
388 1196 484 1257 maius
504 1207 535 1257 et
555 1197 674 1274 ingenia
694 1217 743 1257 me
765 1199 919 1258 hortantur
937 1209 1035 1258 vestra
1054 1210 1085 1258 et
1104 1210 1227 1258 aetates.

179 1296 212 1364 98
227 1294 356 1355 Difficile
379 1293 459 1354 enim
483 1293 566 1354 dictu
587 1305 640 1366 est,
664 1314 811 1372 quaenam
832 1314 922 1355 causa
942 1294 988 1368 sit,
1010 1315 1063 1355 cur
1082 1315 1126 1369 ea,
1149 1312 1276 1373 quae10

224 1391 354 1452 maxime
368 1410 472 1451 sensus
490 1402 607 1452 nostros
624 1391 782 1470 impellunt
798 1394 950 1471 voluptate
967 1403 997 1453 et
1016 1392 1116 1471 specie
1132 1392 1231 1471 prima

223 1487 365 1548 acerrime
386 1500 586 1563 commovent,
606 1488 646 1549 ab
667 1489 710 1549 eis
731 1488 883 1549 celerrime
902 1488 1023 1550 fastidio
1043 1493 1178 1568 quodam
1199 1502 1231 1552 et

224 1585 359 1646 satietate
385 1585 596 1647 abalienemur.
655 1588 779 1663 Quanto
806 1589 941 1649 colorum
969 1587 1171 1666 pulcritudine
1199 1599 1231 1649 et

223 1684 364 1745 varietate
388 1684 538 1746 floridiora
562 1695 631 1745 sunt
659 1683 691 1744 in
715 1683 836 1762 picturis
860 1685 945 1745 novis
970 1687 1112 1764 pleraque
1135 1706 1230 1763 quam

223 1783 255 1843 in
277 1781 443 1843 veteribus!
485 1783 573 1858 Quae
600 1793 710 1855 tamen,
738 1780 828 1842 etiam
853 1781 879 1842 si
905 1782 1003 1861 primo
1026 1793 1150 1861 aspectu
1173 1802 1231 1844 nos
1247 1807 1276 1857 15

224 1890 374 1958 ceperunt,
391 1877 502 1939 diutius
517 1897 579 1938 non
593 1880 763 1952 delectant3
783 1897 853 1939 cum
868 1877 967 1939 eidem
982 1899 1038 1940 nos
1052 1879 1084 1939 in
1098 1878 1231 1956 antiquis

224 1977 333 2038 tabulis
357 1976 409 2036 illo
431 1975 498 2054 ipso
521 1974 643 2037 horrido
667 1976 865 2054 obsoletoque
889 1987 1050 2037 teneamur.
1105 1978 1232 2052 Quanto

225 2074 376 2136 molliores
397 2084 466 2133 sunt
488 2083 518 2133 et
540 2072 727 2134 delicatiores
752 2072 784 2133 in
808 2084 898 2134 cantu
922 2073 1065 2135 flexiones
1087 2084 1118 2134 et
1137 2075 1232 2135 falsae

225 2174 351 2233 voculae
365 2191 456 2248 quam
470 2182 567 2231 certae
581 2183 612 2232 et
625 2175 762 2232 severae!
805 2170 924 2247 Quibus
939 2182 1039 2232 tamen
1056 2190 1119 2231 non
1136 2173 1232 2232 modo

180 2289 214 2342 ⁹9
227 2269 345 2341 austeri,
361 2270 422 2341 sed,
439 2268 463 2329 si
478 2268 595 2347 saepius
609 2271 693 2342 liunt,
709 2268 871 2330 multitudo
884 2267 948 2347 ipsa
962 2271 1110 2330 reclamat
1144 2269 1232 2330 Licet
1246 2294 1275 2330 ao

227 2371 287 2429 hoe
306 2366 408 2428 videre
428 2366 459 2426 in
480 2367 600 2446 reliquis
621 2367 767 2441 sensibus,
788 2367 949 2447 unguentis
973 2367 1072 2429 minus
1096 2367 1149 2430 diu
1174 2388 1232 2428 nos

226 2463 367 2526 delectari
388 2483 506 2524 summa
525 2476 556 2525 et
578 2464 722 2525 acerrima
745 2464 890 2526 suavitate
913 2465 1043 2527 conditis
1067 2485 1158 2544 quam
1183 2465 1232 2525 his

226 2561 396 2634 moderatis,
416 2571 447 2621 et
468 2561 561 2639 magis
581 2560 695 2621 laudari
716 2563 799 2639 quod
821 2573 928 2623 terram
949 2583 1040 2641 quarn
1061 2565 1144 2642 quod
1169 2583 1233 2624 cro

226 2681 296 2721 cum
321 2661 402 2721 olere
423 2658 577 2735 videatur3
611 2658 641 2718 in
667 2658 733 2738 ipso
757 2672 839 2720 tactu
864 2681 929 2721 esse
954 2664 1078 2722 modum
1103 2672 1133 2722 et
1158 2662 1233 2721 mol-

226 2757 362 2820 litudinis
378 2768 409 2818 et
429 2755 563 2817 levitatis.
607 2757 690 2833 Quin
711 2758 801 2818 etiam
822 2770 964 2836 gustatus,
988 2758 1040 2837 qui
1060 2770 1106 2820 est
1124 2779 1231 2819 sensus
1246 2783 1274 2835 ²5

227 2878 263 2918 ex
278 2855 419 2919 omnibus
434 2853 561 2915 maxime
579 2855 761 2933 voluptarius
780 2857 894 2935 quique
910 2857 1096 2918 dulcitudine
1114 2867 1232 2934 praeter

227 2966 342 3016 ceteros
357 2972 462 3014 sensus
476 2964 691 3029 commovetur,
706 2975 797 3032 quam
811 2954 872 3017 cito
886 2956 924 3029 id,
941 2957 1024 3033 quod
1038 2957 1125 3015 valde
1142 2955 1232 3015 dulce

227 3063 281 3125 est,
296 3060 471 3128 aspernatur
483 3070 519 3111 ac
533 3050 662 3128 respuit!
705 3051 781 3128 Quis
798 3053 921 3130 potione
935 3053 979 3113 uti
992 3063 1044 3112 aut
1062 3051 1132 3113 cibo
1149 3050 1232 3112 dulci

228 3149 340 3210 diutius
364 3149 486 3226 potest?
515 3168 585 3209 curn
609 3160 737 3228 utroque
761 3149 791 3210 in
816 3171 923 3228 genere
950 3171 993 3222 ea,
1024 3170 1101 3227 quae
1128 3148 1232 3210 leviter

230 3265 351 3306 sensum
379 3248 532 3323 voluptate
564 3258 711 3320 moveant,
742 3247 880 3308 facillime
910 3247 1024 3323 fugiant
1054 3246 1230 3307 satietatem.
1247 3269 1277 3318 30

171 3367 219 3403 100
231 3343 281 3404 Sic
299 3342 440 3404 omnibus
459 3343 489 3402 in
509 3345 597 3404 rebus
616 3345 818 3423 voluptatibus
839 3344 975 3405 maximis
995 3343 1146 3404 fastidium
1168 3343 1234 3403 fini·

264 3515 281 3558 9
297 3499 378 3548 maius
395 3499 481 3561 vulga:
504 3499 586 3561 magis
602 3500 671 3550 codd.
769 3515 799 3549 ra
816 3498 950 3548 celerrime
960 3498 1027 3561 vulg.
1041 3516 1047 3547 ι
1064 3498 1233 3547 celeberrime

231 3563 297 3613 codd.
422 3579 454 3624 23
472 3572 566 3614 terram
578 3563 722 3614 Lambrirus
734 3565 809 3626 (Prin.
822 3564 856 3614 N.
870 3563 905 3613 H.
920 3564 974 3614 xiii.
988 3578 1011 3625 3.
1026 3579 1059 3626 4;
1075 3563 1134 3612 xvii.
1149 3576 1173 3623 5.
1186 3567 1233 3624 3)·

231 3636 313 3679 teram
330 3636 346 3676 λ
364 3629 502 3686 (Leidensis
517 3631 747 3695 supplementum:
771 3644 855 3678 ceram
867 3629 935 3680 codd,
1011 3643 1043 3691 ²4
1060 3629 1132 3678 olere
1145 3628 1234 3678 redde

229 3709 322 3757 sapere
333 3694 433 3744 Plim'us
444 3697 459 3745 l.
472 3712 491 3746 c.
