2648 4216
86 253 190 316 5021ss
485 250 529 308 M.
552 248 679 308 TVLLI
701 247 933 310 CICERONIS

202 424 236 475 ut
257 415 355 477 aliena
377 416 486 477 libasse
497 438 507 491 3
534 418 629 478 fateor
650 416 731 478 enim
750 416 892 478 callidum
911 419 1064 496 quendam
1077 416 1159 479 hunc
1179 427 1210 478 et

203 512 285 571 nulla
306 512 337 572 in
360 533 393 574 re
416 513 544 574 tironem
565 534 602 576 ac
625 515 732 574 rudem
755 533 813 574 nec
831 514 1019 592 peregrinum
1039 526 1131 593 atque
1158 515 1211 575 ho

203 607 311 685 spitem
326 609 357 669 in
370 611 489 687 agendo
503 630 569 672 esse
582 611 701 672 debere.

153 689 189 750 ⁵¹
243 708 351 785 Neque
373 727 444 768 vero
468 707 531 768 istis
556 707 715 785 tragoediis
739 707 806 782 tuis,
831 708 941 787 quibus
964 708 1009 770 uti
1035 708 1209 787 philosophi

139 780 187 834 ²¹⁹
202 803 330 864 maxime
344 805 449 878 solent,
466 805 581 877 Crasse,
596 804 760 883 perturbor,
775 807 860 883 quod
873 806 915 867 ita
933 805 1040 880 dixisti,
1056 806 1208 867 neminem
1223 830 1237 879 5

200 921 289 979 posse
308 920 411 962 eorum
426 900 543 975 mentis,
563 901 616 979 qui
635 901 781 976 audirent,
801 913 853 963 aut
871 902 1056 964 inflammare
1076 903 1208 964 dicendo

199 1008 251 1059 aut
275 998 473 1060 inflammatas
495 998 684 1076 restinguere,
708 1019 778 1061 curn
803 1019 840 1060 eo
864 1001 994 1062 maxime
1015 1001 1059 1062 vis
1083 1001 1207 1062 oratoris

200 1096 433 1174 magnitudoque
446 1108 591 1171 cernatur,
605 1096 663 1156 nisi
677 1096 729 1174 qui
744 1093 854 1178 [rerum
872 1095 1020 1180 omnium]
1035 1110 1171 1159 naturam
1181 1106 1211 1157 et

199 1213 296 1254 mores
313 1193 470 1255 hominum
488 1205 579 1272 atque
598 1193 728 1255 rationes
747 1193 866 1272 penitus
886 1195 1075 1273 perspexerit,
1095 1195 1126 1255 in
1145 1215 1207 1274 quo

198 1290 388 1368 philosophia
401 1291 439 1352 sit
453 1291 562 1352 oratori
573 1291 741 1352 necessario
752 1291 964 1369 percipienda;
985 1312 1046 1371 quo
1061 1292 1092 1353 in
1105 1293 1206 1354 studio
1222 1317 1252 1352 10

198 1389 355 1450 hominum
389 1386 535 1471 [quoque]
565 1387 870 1466 ingeniosissimomm
897 1389 1206 1467 otiosissimorumque

198 1497 275 1547 totas
295 1497 407 1548 aetates
424 1487 562 1548 videmus
581 1506 647 1547 esse
666 1485 814 1546 contritas.
859 1487 997 1562 Quorum
1015 1505 1072 1564 ego
1086 1486 1205 1564 copiam

197 1583 494 1662 magnitudinemque
523 1583 702 1660 cognitionis
727 1595 818 1661 atque
846 1584 917 1644 artis
941 1603 1004 1644 non
1028 1585 1121 1644 modo
1142 1603 1205 1644 non

197 1693 368 1755 contemno,
380 1684 435 1743 sed
448 1681 538 1743 etiam
552 1683 745 1741 vehementer
758 1680 908 1755 admiror,
928 1681 1016 1742 nobis
1030 1692 1140 1755 tamen,
1153 1682 1205 1759 qui

197 1777 228 1838 in
253 1780 312 1840 hoc
333 1781 447 1857 populo
466 1781 592 1855 foroque
612 1798 771 1853 versamur,
793 1778 864 1839 satis
889 1788 934 1839 est
955 1798 991 1839 ea
1011 1779 1051 1839 de
1072 1779 1205 1840 motibus
1221 1805 1250 1855 15

196 1875 365 1936 animorum
379 1887 410 1937 et
423 1876 498 1937 scire
512 1887 542 1936 et
556 1875 655 1936 dicere
664 1895 742 1954 quae
751 1895 813 1936 non
821 1875 982 1937 abhorrent
995 1876 1036 1936 ab
1046 1876 1204 1937 hominum

136 2002 184 2038 220
197 1973 337 2034 moribus.
382 1973 458 2050 Quis
472 1973 553 2034 enim
567 1994 711 2052 umquam
725 1985 824 2035 orator
838 1993 963 2052 magnus
976 1985 1007 2034 et
1020 1974 1124 2052 gravis,
1134 1994 1204 2034 cum

197 2070 304 2131 iratum
322 2069 490 2132 adversario
511 2071 642 2132 iudicem
661 2073 758 2132 facere
778 2073 875 2145 vellet,
899 2071 1054 2132 haesitavit
1073 2072 1115 2133 ob
1136 2091 1203 2131 eam

197 2187 326 2242 causam,
342 2170 425 2247 quod
439 2168 573 2242 nesciret,
589 2169 663 2247 quid
677 2179 755 2230 esset
769 2168 930 2243 iracundia,
946 2171 1080 2230 fervorne
1095 2169 1204 2230 mentis

196 2286 235 2327 an
244 2266 391 2344 cupiditas
400 2265 545 2345 puniendi
556 2266 690 2327 doloris?
731 2266 816 2343 Quis,
829 2287 898 2328 cum
909 2278 1024 2328 ceteros
1034 2265 1203 2327 animorum
1218 2288 1249 2323 ιο

196 2375 296 2424 motus
306 2375 358 2424 aut
368 2363 517 2425 iudicibus
525 2374 577 2424 aut
587 2365 700 2441 populo
711 2363 842 2424 dicendo
851 2363 975 2424 miscere
988 2375 1079 2442 atque
1092 2363 1204 2441 agitare

196 2462 294 2534 vellet,
315 2481 351 2521 ea
368 2460 449 2535 dixit,
470 2481 547 2539 quae
563 2480 582 2521 a
600 2460 787 2539 philosophis
806 2461 866 2522 dici
883 2463 1004 2522 solent?
1024 2459 1076 2539 qui
1094 2459 1202 2538 partim

195 2558 320 2619 omnino
337 2570 437 2620 motus
460 2568 569 2637 negant
590 2558 621 2618 in
641 2558 749 2619 animis
769 2560 847 2620 ullos
867 2578 933 2618 esse
951 2559 1071 2631 debere,
1090 2557 1203 2636 quique

195 2677 248 2718 eos
273 2656 305 2717 in
327 2657 460 2718 iudicum
483 2656 634 2717 mentibus
661 2656 822 2730 concitent,
851 2658 948 2717 scelus
975 2676 1028 2716 eos
1056 2655 1201 2716 nefarium

195 2757 293 2817 lacere
304 2776 314 2829 ;
326 2754 442 2832 partim,
458 2753 510 2833 qui
523 2753 737 2815 tolerabiliores
751 2757 856 2815 volunt
870 2774 936 2814 esse
950 2763 979 2814 et
993 2754 1033 2814 ad
1047 2752 1201 2813 veritatem
1216 2773 1246 2823 ²5

194 2852 272 2912 vitae
289 2852 412 2930 propius
432 2852 584 2925 accedere,
600 2851 811 2929 permediocris
831 2872 867 2913 ac
886 2851 986 2930 potius
1006 2851 1079 2911 levis
1101 2862 1201 2912 motus

133 2976 177 3010 221
195 2951 306 3011 debere
319 2970 385 3010 esse
398 2949 511 3010 dicunt
554 2949 663 3010 Orator
675 2960 777 3010 autem
791 2949 893 3010 omnia
906 2950 990 3021 haec,
1006 2968 1083 3026 quae
1097 2959 1202 3025 putan-
1276 2960 1279 2966 ·

194 3064 242 3112 tur
269 3052 301 3112 in
323 3051 477 3113 communi
497 3050 576 3112 vitae
603 3047 821 3111 consuetudine
848 3049 927 3108 mala
953 3066 990 3106 ac
1017 3046 1144 3106 molesta
1171 3056 1201 3106 et

194 3150 343 3227 fugienda,
359 3151 455 3210 multo
475 3148 589 3209 maiora
609 3157 639 3208 et
658 3145 812 3208 acerbiora
831 3143 929 3204 verbis
947 3141 1038 3216 sacit3
1068 3141 1201 3219 itemque

194 3268 240 3321 ea,
254 3267 332 3324 quae
345 3248 435 3324 vulgo
453 3247 620 3324 expetenda
638 3256 729 3322 atque
749 3241 892 3321 optabilia
905 3240 1052 3314 videntur,
1070 3239 1200 3302 dicendo
1216 3259 1248 3307 30

143 3391 150 3406 .
192 3344 355 3421 amplificat
375 3354 466 3421 atque
486 3354 571 3405 ornat
580 3364 590 3418 ;
609 3362 709 3420 neque
722 3342 785 3401 vult
799 3339 840 3401 ita
858 3337 976 3417 sapiens
997 3336 1074 3398 inter
1093 3339 1200 3399 stultos

226 3500 472 3549 8rerumomnium
484 3499 535 3552 uel.
549 3496 617 3548 Reid
680 3493 887 3547 etaddridr'tRerd
985 3509 1013 3543 11
1032 3508 1135 3556 quoque
1146 3509 1199 3544 om.

193 3566 261 3629 vulg.
275 3584 281 3614 r
299 3566 424 3614 Graeciae
436 3565 511 3615 Cima
612 3579 642 3626 15
659 3564 693 3612 de
704 3563 817 3612 motibus
827 3560 939 3610 Emestr':
959 3560 992 3608 de
1004 3560 1118 3609 moribus
1131 3557 1198 3608 codd

196 3647 225 3696 ¹7
243 3631 357 3681 moribus
367 3630 435 3680 codd.
447 3647 454 3680 ε
471 3630 575 3680 auribus
586 3629 694 3694 Madvig
