2648 4216
449 264 508 326 DE
529 262 736 326 ORATORE
754 268 756 273 ’
776 265 812 325 ,ΙΙ
1149 266 1192 336 82
1201 287 1247 344 ³37

129 431 248 495 lustrius
259 451 325 494 esse
335 430 543 493 adhibendum
553 429 671 492 videtur
680 451 690 506 3
710 429 899 511 maximaque
913 431 1135 512 persolutionis

127 532 319 592 admovenda
343 541 389 591 est
412 530 453 590 ad
476 527 646 589 animorum
674 539 775 589 motus
802 549 864 590 non
893 549 1059 609 numquam
1082 542 1136 592 aut

128 626 336 688 cohortatione
356 637 408 688 aut
428 623 715 686 commemoratione
735 624 837 705 aliqua
856 637 907 686 aut
926 625 957 686 in
979 647 1064 705 spem
1082 638 1137 688 aut

128 724 160 785 in
174 737 291 786 metum
309 736 361 785 aut
377 725 418 784 ad
434 721 630 802 cupiditatem
650 729 703 783 aut
721 723 761 783 ad
781 722 906 801 gloriam
927 724 1133 798 concitandos,

99 841 220 902 ssaepe
243 822 334 885 etiam
358 843 378 884 a
400 822 574 896 temeritate,
599 822 761 896 iracundia,
787 843 849 903 spe,
874 823 988 898 iniuria,
1012 825 1132 900 invidia,

129 922 304 984 crudelitate
325 923 519 983 revocandos
562 921 611 982 Fit
626 932 728 982 autem
751 934 792 996 ut,
809 921 880 1000 quia
900 924 1030 985 maxima
1049 923 1134 1002 quasi

128 1019 253 1080 oratoris
273 1039 383 1080 scaena
403 1017 540 1079 videatur
559 1018 709 1079 contionis
730 1039 803 1092 esse,
819 1031 925 1080 natura
945 1020 1010 1098 ipsa
1029 1022 1069 1082 ad
1090 1042 1135 1082 or-

128 1117 226 1178 natius
241 1116 363 1178 dicendi
377 1136 473 1194 genus
486 1115 668 1192 excitemur3
688 1117 780 1178 habet
797 1116 878 1178 enim
896 1118 1059 1180 multitudo
1073 1119 1133 1181 vim

128 1216 282 1291 quandam
306 1216 406 1287 talem,
429 1225 470 1287 ut,
493 1233 585 1292 quem
608 1215 648 1275 ad
673 1215 798 1275 modum
827 1214 939 1276 tibicen
964 1216 1029 1277 sine
1053 1216 1134 1278 tibiis

84 1328 115 1366 10
127 1330 243 1386 canere,
262 1311 305 1372 sic
326 1323 426 1373 orator
446 1311 511 1372 sine
530 1310 723 1373 multitudine
744 1311 887 1373 audiente
906 1315 1050 1391 eloquens
1068 1333 1134 1375 esse

126 1428 190 1468 non
210 1408 312 1486 possit
357 1411 486 1469 Etcum
505 1407 564 1468 sint
584 1410 743 1486 populares
764 1408 851 1469 multi
869 1409 1002 1488 variique
1022 1412 1131 1489 lapsus,
1148 1435 1195 1488 339

126 1505 248 1567 vitanda
275 1518 321 1568 est
342 1504 519 1567 acclamatio
540 1508 664 1567 adversa
686 1505 797 1584 populi,
818 1526 896 1584 quae
917 1519 969 1567 aut
991 1507 1133 1570 orationis

126 1615 252 1682 peccato
265 1603 368 1682 aliquo
386 1603 538 1678 excitatur,
554 1602 579 1663 si
597 1622 710 1681 aspere,
725 1603 751 1663 si
764 1615 941 1682 arroganter,
958 1604 983 1665 si
1000 1604 1132 1683 turpiter,

126 1699 151 1760 si
172 1701 302 1774 sordide,
318 1700 344 1761 si
362 1720 425 1779 quo
444 1699 538 1759 animi
554 1699 628 1760 vitio
649 1699 763 1761 dictum
784 1720 850 1761 esse
871 1701 985 1779 aliquid
1005 1702 1131 1777 videtur,

82 1817 111 1870 15
125 1809 179 1860 aut
192 1798 351 1858 hominum
370 1797 536 1859 ofsensione
554 1798 601 1856 vel
621 1795 742 1870 invidia,
758 1818 835 1875 quae
851 1810 904 1858 aut
922 1797 1000 1859 iusta
1017 1811 1063 1860 est
1081 1811 1133 1862 aut

125 1917 163 1958 ex
183 1897 390 1958 criminatione
409 1908 501 1975 atque
519 1898 607 1970 lama,
621 1908 674 1957 aut
694 1917 741 1958 res
761 1895 787 1957 si
807 1897 954 1975 displicet,
968 1909 1021 1958 aut
1041 1898 1067 1958 si
1087 1910 1133 1960 est
1173 1929 1197 1963 κ

125 1993 157 2054 in
175 1994 278 2072 aliquo
296 2006 382 2055 motu
400 2014 473 2054 suae
492 1992 663 2071 cupiditatis
676 2004 729 2053 aut
743 2005 840 2054 metus
858 1993 1029 2055 multitudo.
1072 1995 1135 2056 His

126 2103 267 2169 quattuor
280 2092 377 2152 causis
394 2091 521 2153 totidem
538 2089 706 2152 medicinae
718 2102 932 2169 opponuntur:
953 2103 1017 2152 tum
1035 2093 1134 2153 obiur-

125 2189 213 2267 gatio,
230 2190 256 2250 si
274 2201 320 2250 est
339 2188 518 2263 auctoritas3
542 2199 606 2249 tum
626 2189 795 2250 admonitio
814 2189 899 2268 quasi
920 2190 1014 2250 lenior
1034 2191 1134 2252 obiur-

81 2307 113 2342 20
125 2287 205 2365 gatio
214 2304 225 2364 3
245 2298 310 2348 tum
328 2286 495 2366 promissio,
511 2286 537 2346 si
555 2285 711 2360 audierint,
728 2287 905 2364 probaturos
914 2309 923 2362 ;
944 2298 1009 2347 tum
1028 2289 1132 2366 depre'

124 2386 212 2461 catio,
228 2388 312 2465 quod
330 2399 376 2448 est
396 2387 556 2460 infirmum,
572 2388 626 2447 sed
645 2407 708 2447 non
727 2407 893 2466 numquam
912 2389 992 2450 utile.
1036 2392 1131 2452 Nullo
1144 2411 1193 2461 340

123 2497 225 2545 autem
239 2489 309 2546 loeo
318 2488 386 2564 plus
401 2485 525 2546 facetiae
538 2495 663 2563 prosunt
674 2497 704 2546 et
718 2485 852 2546 celeritas
863 2498 893 2546 et
904 2487 993 2547 breve
1006 2486 1130 2565 aliquod

124 2582 240 2643 dictum
258 2603 316 2643 nec
336 2583 402 2643 sine
420 2581 565 2661 dignitate
584 2593 613 2643 et
634 2603 704 2643 cum
725 2585 827 2660 lepore
837 2605 846 2658 ;
874 2583 948 2643 nihil
967 2583 1049 2645 enim
1067 2595 1130 2644 tam

123 2682 211 2742 facile
238 2703 330 2760 quam
357 2674 520 2742 multitudo
541 2700 560 2740 a
583 2681 700 2741 tristitia
727 2692 758 2742 et
785 2702 875 2760 saepe
901 2683 941 2742 ab
968 2682 1131 2744 acerbitate

79 2803 110 2852 ²5
124 2781 285 2840 commode
306 2790 336 2840 et
357 2778 484 2839 breviter
504 2789 535 2839 et
554 2790 641 2840 acute
662 2790 692 2839 et
713 2778 805 2839 hilare
826 2779 908 2839 dieto
929 2778 1094 2840 deducitur.

164 2877 297 2956 Exposui
311 2879 380 2951 lere,
396 2887 430 2936 ut
443 2875 536 2954 potui,
551 2875 637 2936 vobis
651 2876 682 2935 in
697 2887 824 2954 utroque
842 2896 951 2955 genere
969 2896 1124 2937 causarum
1139 2884 1180 2958 84

122 2993 200 3052 quae
227 2974 313 3052 sequi
340 2976 475 3048 solerem,
500 2994 577 3052 quae
605 2976 713 3052 lugere,
739 2994 817 3052 quae
845 2985 978 3052 spectare
1006 2994 1126 3053 quaque

122 3071 247 3133 omnino
261 3071 293 3132 in
312 3070 409 3132 causis
426 3071 539 3134 ratione
554 3071 670 3132 versari.
715 3074 781 3132 Nec
799 3071 873 3133 illud
890 3071 1010 3132 tertium
1027 3073 1127 3134 lauda-
1140 3089 1188 3140 341

122 3169 237 3229 tionum
252 3190 346 3247 genus
361 3181 406 3230 est
420 3169 547 3244 difficile,
560 3172 644 3247 quod
659 3190 715 3247 ego
729 3169 816 3230 initio
830 3169 915 3246 quasi
928 3190 947 3229 a
960 3169 1126 3248 praeceptis

77 3292 109 3341 30
122 3266 229 3328 nostris
240 3287 442 3342 secreveram3
462 3269 517 3328 sed
527 3280 557 3328 et
566 3266 636 3345 quia
647 3270 741 3327 multa
751 3278 822 3328 sunt
835 3266 1004 3327 orationum
1018 3288 1127 3346 genera

1147 882 1187 956 83

1147 975 1196 1037 ³³⁸

154 3403 315 3454 M=AEH
388 3404 526 3468 aspeH:
543 3405 693 3467 inspeAE
762 3423 777 3467 4
795 3407 883 3454 inom.
899 3404 933 3454 Μ
995 3406 1130 3456 metuHE

121 3484 136 3531 5
153 3486 230 3520 aom.
245 3471 278 3518 M
341 3472 432 3520 eritate
445 3470 491 3520 M:
507 3471 641 3520 veritatee
717 3472 851 3532 quidetur
863 3472 948 3521 contio
960 3487 1019 3520 esse
1031 3473 1127 3535 Kayser

122 3546 186 3595 (rect.
204 3553 253 3585 uon
266 3536 335 3585 nulli
348 3536 447 3597 contio)
547 3538 564 3584 8
580 3537 708 3585 excitetur
721 3534 744 3583 L
756 3538 825 3601 vulg.
939 3553 969 3597 14
987 3539 1073 3599 siquo
1089 3536 1125 3584 Ρι

120 3599 281 3650 Lambinus:
299 3602 320 3650 si
329 3617 407 3663 quom
419 3600 452 3648 M
459 3619 465 3651 :
482 3601 505 3650 si
516 3617 620 3664 quoque
632 3600 655 3649 L
668 3602 735 3665 vulg.
848 3619 878 3652 21
897 3603 1011 3651 infimum
1023 3600 1121 3665 Lvulg.

119 3683 153 3716 aa
170 3666 238 3716 adb.
253 3666 296 3718 M:
315 3665 391 3716 etL:
418 3667 582 3715 aan'edn'ch
676 3665 820 3727 24amL:
839 3668 872 3716 ab
895 3666 1124 3728 t.H:adAE32

119 3734 153 3781 aa
170 3731 324 3782 laudationis
336 3731 371 3780 Ee
381 3748 414 3794 ga
504 3748 538 3795 30
554 3739 615 3781 sunt
626 3731 692 3781 codd.
704 3749 710 3782 :
729 3739 818 3781 essent
829 3733 919 3782 Peam
