2648 4216
81 279 181 340 alno
472 279 516 340 M.
538 279 666 338 TVLLI
688 278 921 340 CICERONIS

135 457 286 526 ¹²7atque
307 447 418 510 hortari
440 447 563 509 solebat.
607 446 684 508 Satis
708 458 753 509 est
775 444 913 510 enimin
937 445 1043 507 ceteris
1069 445 1201 510 artificiis

195 543 394 621 percipiendis
408 554 525 605 tantum
539 545 633 604 modo
646 541 774 604 similem
788 562 854 604 esse
871 540 1003 602 hominis
1016 553 1046 603 et
1060 541 1101 617 id,
1116 543 1201 620 quod

195 643 327 702 tradatur
340 644 387 703 vel
405 641 497 703 etiam
517 641 690 715 inculcetur,
705 640 731 702 si
749 639 803 718 qui
820 642 897 700 forte
915 639 954 700 sit
976 639 1095 714 tardior,
1110 659 1201 718 posse

195 738 347 817 percipere
377 737 482 799 animo
513 749 544 798 et
578 736 723 799 memoria
756 736 926 812 custodire,
959 755 1022 797 non
1050 735 1201 815 quaeritur

195 835 345 896 mobilitas
367 835 495 916 linguae,
509 855 573 897 non
592 834 725 897 celeritas
743 835 911 908 verborum,
926 853 990 900 non
1009 833 1140 912 denique
1153 851 1228 909 ea,5

134 944 181 992 128
194 953 272 1010 quae
288 934 377 996 nobis
392 925 460 996 'non
480 953 642 1013 possumus
656 933 776 1010 fingere,
793 931 893 1006 facies,
911 934 1019 1006 vultus,
1034 952 1144 993 sonus:
1157 932 1199 993 in

194 1042 310 1091 oratore
336 1042 438 1092 autem
464 1047 592 1091 acumen
619 1028 853 1101 dialecticorum,
876 1027 1042 1089 sententiae
1069 1027 1200 1106 philoso

193 1130 331 1207 phorum,
346 1129 438 1190 verba
450 1144 545 1207 prope
558 1139 722 1206 poetarum,
738 1124 883 1187 memoria
896 1124 967 1186 iuris
981 1127 1197 1198 consultorum,

193 1246 252 1286 vox
278 1228 496 1304 tragoedorum,
524 1235 625 1303 gestus
652 1243 748 1302 paene
775 1242 962 1284 summorum
989 1234 1125 1283 actomm
1151 1233 1199 1287 est

193 1323 408 1401 requirendus3
427 1343 519 1401 quam
540 1323 582 1383 ob
600 1341 663 1382 rem
677 1320 752 1381 nihil
765 1320 797 1381 in
811 1319 969 1380 hominum
983 1340 1092 1398 genere
1105 1319 1198 1381 rarius
1214 1337 1243 1375 ¹0

192 1422 325 1498 perfecto
349 1431 465 1481 oratore
488 1417 613 1480 inveniri
639 1428 757 1496 potest3
790 1437 868 1495 quae
896 1416 986 1490 enim,
1015 1415 1198 1494 singularum

191 1537 289 1577 rerum
304 1516 431 1578 artifices
444 1515 560 1594 singula
573 1514 599 1576 si
612 1513 801 1576 mediocriter
813 1512 916 1592 adepti
930 1524 1008 1586 sunt,
1024 1513 1196 1590 probantur,

192 1634 229 1675 ea
249 1613 306 1675 nisi
320 1613 422 1676 omnia
435 1625 505 1676 sunt
523 1613 555 1674 in
574 1624 690 1674 oratore
708 1631 834 1686 summa,
849 1610 969 1689 probari
983 1631 1046 1671 non
1060 1624 1194 1689 possunt

132 1726 179 1777 ¹²9
192 1713 273 1772 Tum
288 1713 413 1774 Crassus
428 1709 528 1789 ‘atqui
540 1709 625 1771 vide’
639 1709 736 1787 inquit
752 1708 799 1769 ‘in
814 1707 940 1769 artificio
954 1727 1099 1786 perquam
1113 1707 1197 1768 tenui

192 1820 222 1869 et
237 1808 294 1869 levi
316 1819 430 1887 quanto
451 1810 519 1886 plus
537 1807 714 1868 adhibeatur
732 1805 911 1884 diligentiae,
928 1825 1019 1885 quam
1039 1805 1195 1880 inhaere,
1213 1824 1241 1874 15

193 1924 283 1982 quam
308 1916 424 1966 constat
454 1925 520 1966 esse
547 1904 724 1965 maximam:
759 1924 849 1982 saepe
876 1903 958 1965 enim
982 1905 1066 1965 soleo
1092 1902 1196 1965 audire

193 2002 346 2076 Roscium,
362 2023 431 2064 cum
445 2001 487 2064 ita
500 2001 589 2076 dicat,
604 2022 636 2063 se
649 2004 750 2063 adhuc
764 2001 891 2081 reperire
904 2000 1094 2078 discipulum,
1104 2020 1195 2078 quem

191 2097 314 2176 quidem
338 2100 485 2178 probaret,
507 2097 640 2177 potuisse
660 2099 822 2173 neminem,
844 2118 907 2159 non
928 2119 990 2176 quo
1011 2118 1074 2159 non
1095 2109 1195 2159 essent

191 2195 313 2274 quidam
335 2194 513 2274 probabiles,
528 2199 583 2258 sed
603 2196 682 2274 quia,
698 2195 723 2257 si
741 2195 857 2275 aliquid
875 2198 969 2256 modo
990 2207 1068 2257 esset
1086 2194 1147 2268 viti,
1163 2194 1195 2256 id

190 2295 265 2354 ferre
279 2293 343 2371 ipse
356 2315 419 2354 non
438 2305 538 2372 posset
548 2316 558 2369 ;
577 2293 652 2354 nihil
671 2306 716 2356 est
734 2293 816 2356 enirn
835 2305 896 2354 tam
917 2292 1033 2370 insigne
1054 2313 1111 2353 nec
1132 2304 1193 2353 tam
1209 2314 1240 2349 το

190 2393 230 2451 ad
247 2390 469 2452 diuturnitatem
491 2391 652 2453 memoriae
670 2392 777 2454 stabile
797 2412 888 2470 quam
902 2390 943 2464 id,
959 2390 990 2450 in
1004 2411 1066 2469 quo
1079 2389 1194 2469 aliquid
1238 2413 1241 2417 ’

130 2506 178 2554 130
191 2488 356 2549 offenderis.
395 2491 500 2566 Itaque
514 2501 547 2550 ut
560 2492 600 2551 ad
614 2492 693 2550 hanc
703 2489 928 2551 similitudinem
940 2487 1028 2549 huius
1042 2487 1194 2550 histrionis

191 2585 347 2645 oratoriam
372 2588 492 2647 laudern
514 2586 683 2665 dirigamus,
709 2585 855 2648 videtisne
883 2607 974 2664 quam
997 2585 1071 2646 nihil
1091 2587 1131 2646 ab
1155 2606 1193 2647 eo

190 2680 248 2741 nisi
266 2683 404 2759 perfecte,
420 2682 494 2743 nihil
517 2682 574 2744 nisi
593 2704 662 2745 cum
685 2704 803 2745 summa
820 2694 976 2744 venustate
995 2683 1055 2755 fiat,
1071 2680 1128 2742 nisi
1142 2680 1191 2755 ita,

190 2791 223 2840 ut
236 2780 341 2840 deceat
355 2792 385 2841 et
398 2779 442 2841 uti
456 2780 554 2841 omnis
573 2792 691 2843 moveat
709 2792 799 2859 atque
818 2782 971 2842 delectet?
1012 2781 1120 2857 Itaque
1134 2781 1193 2840 hoc
1208 2802 1237 2850 ²5

190 2875 248 2936 iam
268 2876 320 2938 diu
339 2889 383 2938 est
406 2890 593 2952 consecutus,
608 2889 656 2952 ut,
665 2877 696 2937 in
719 2897 781 2956 quo
803 2877 930 2956 quisque
951 2874 1077 2937 artificio
1099 2876 1193 2936 excel-

189 2974 270 3047 leret,
282 2973 307 3035 is
321 2973 352 3034 in
367 2995 422 3035 suo
435 2995 543 3052 genere
558 2974 686 3036 Roscius
700 2974 854 3036 diceretur.
899 2978 991 3035 Hanc
1005 2994 1062 3052 ego
1074 2974 1193 3034 absolu·

189 3071 303 3132 tionem
325 3071 598 3150 perfectionemque
620 3071 651 3132 in
674 3084 790 3134 oratore
811 3072 1026 3145 desiderans,a
1046 3091 1108 3149 qua
1127 3069 1192 3148 ipse

189 3170 277 3245 longe
300 3169 416 3243 absum,
441 3168 519 3230 facio
540 3167 748 3247 impudenter;
776 3169 850 3229 mihi
871 3169 951 3229 enim
972 3169 1042 3229 volo
1066 3167 1190 3246 ignosci,

189 3263 294 3324 ceteris
315 3263 379 3341 ipse
401 3283 463 3324 non
485 3263 609 3342 ignosco
619 3286 629 3340 ;
649 3284 719 3324 nam
739 3264 791 3343 qui
810 3286 872 3326 non
890 3276 998 3343 potest,
1013 3264 1066 3343 qui
1084 3262 1191 3325 vitiose
1205 3287 1237 3337 30

186 3355 264 3432 facit,
278 3377 369 3434 quem
384 3359 515 3435 denique
529 3378 592 3417 non
603 3359 700 3431 decet,
712 3360 802 3432 hunc,
815 3369 848 3418 ut
862 3357 1044 3435 Apollonius
1057 3357 1189 3431 iubebat,

537 3519 555 3528 ..
971 3496 981 3525 1

186 3494 656 3626 ςῑέῑῒξιέῑέ”ῗῗὲῗῖ“’ἔὲὲῖεξηὲςΜ
727 3511 985 3622 attritur,
1001 3511 1186 3620 ,οῑεηωέἕῖζζ

185 3627 253 3692 quod
264 3625 485 3675 maluetFn'edn'ch
580 3631 783 3691 oportunum·
796 3625 914 3688 defia'tH
1034 3640 1064 3686 ¹3
1081 3633 1186 3686 possunt

184 3691 271 3747 'cedda
287 3698 373 3754 potest
386 3691 456 3740 Baba
564 3704 594 3751 ¹4
612 3705 733 3752 perquam
746 3690 900 3740 Lambinus:
918 3705 998 3753 opera
1008 3705 1085 3751 quam
1094 3688 1161 3743 codd.
