<?xml version="1.0" encoding="UTF-8"?>
<!DOCTYPE html PUBLIC "-//W3C//DTD XHTML 1.0 Transitional//EN"
    "http://www.w3.org/TR/xhtml1/DTD/xhtml1-transitional.dtd">
<html xmlns="http://www.w3.org/1999/xhtml" xml:lang="en" lang="en">
 <head>
  <title>
</title>
<meta http-equiv="Content-Type" content="text/html;charset=utf-8" />
  <meta name='ocr-system' content='tesseract 3.04.00' />
  <meta name='ocr-capabilities' content='ocr_page ocr_carea ocr_par ocr_line ocrx_word'/>
</head>
<body>
  <div class='ocr_page' id='page_1' title='image "./mtvlliciceronis01wilkgoog/mtvlliciceronis01wilkgoog_0205.png"; bbox 0 0 2648 4216; ppageno 0'>
   <div class='ocr_carea' id='block_1_1' title="bbox 99 238 922 305">
    <p class='ocr_par' dir='ltr' id='par_1_1' title="bbox 99 238 922 305">
     <span class='ocr_line' id='line_1_1' title="bbox 99 238 922 305; baseline -0.005 -3"><span class='ocrx_word' id='word_1_1' title='bbox 99 243 180 305; x_wconf 80' lang='lat'><strong>16⁶0</strong></span> <span class='ocrx_word' id='word_1_2' title='bbox 470 241 514 300; x_wconf 90' lang='lat' dir='ltr'>M.</span> <span class='ocrx_word' id='word_1_3' title='bbox 537 240 666 301; x_wconf 90' lang='lat' dir='ltr'><strong>TVLLI</strong></span> <span class='ocrx_word' id='word_1_4' title='bbox 689 238 922 302; x_wconf 90' lang='lat' dir='ltr'>CICERONIS</span> 
     </span>
    </p>
   </div>
   <div class='ocr_carea' id='block_1_2' title="bbox 148 403 1256 3517">
    <p class='ocr_par' dir='ltr' id='par_1_2' title="bbox 148 403 1256 3517">
     <span class='ocr_line' id='line_1_2' title="bbox 193 403 1204 488; baseline -0.008 -18"><span class='ocrx_word' id='word_1_5' title='bbox 193 409 325 488; x_wconf 84' lang='lat' dir='ltr'>cognitio</span> <span class='ocrx_word' id='word_1_6' title='bbox 344 421 436 488; x_wconf 90' lang='lat' dir='ltr'>atque</span> <span class='ocrx_word' id='word_1_7' title='bbox 459 408 489 468; x_wconf 94' lang='lat' dir='ltr'>in</span> <span class='ocrx_word' id='word_1_8' title='bbox 514 407 556 468; x_wconf 89' lang='lat' dir='ltr'>eis</span> <span class='ocrx_word' id='word_1_9' title='bbox 581 407 751 468; x_wconf 85' lang='lat' dir='ltr'>exercitatio</span> <span class='ocrx_word' id='word_1_10' title='bbox 779 405 969 486; x_wconf 86' lang='lat' dir='ltr'><strong>philosophia</strong></span> <span class='ocrx_word' id='word_1_11' title='bbox 988 403 1204 477; x_wconf 88' lang='lat' dir='ltr'>nominaretur,</span> 
     </span>
     <span class='ocr_line' id='line_1_3' title="bbox 193 504 1207 586; baseline -0.005 -18"><span class='ocrx_word' id='word_1_12' title='bbox 193 510 253 570; x_wconf 93' lang='lat' dir='ltr'>hoc</span> <span class='ocrx_word' id='word_1_13' title='bbox 280 528 442 571; x_wconf 90' lang='lat' dir='ltr'>commune</span> <span class='ocrx_word' id='word_1_14' title='bbox 469 528 582 570; x_wconf 91' lang='lat' dir='ltr'>nomen</span> <span class='ocrx_word' id='word_1_15' title='bbox 617 508 724 586; x_wconf 91' lang='lat' dir='ltr'>eripuit</span> <span class='ocrx_word' id='word_1_16' title='bbox 744 506 963 586; x_wconf 57' lang='lat' dir='ltr'>‘sapienterque</span> <span class='ocrx_word' id='word_1_17' title='bbox 996 504 1145 565; x_wconf 87' lang='lat' dir='ltr'>sentiendi</span> <span class='ocrx_word' id='word_1_18' title='bbox 1175 514 1207 563; x_wconf 91' lang='lat' dir='ltr'>et</span> 
     </span>
     <span class='ocr_line' id='line_1_4' title="bbox 192 599 1206 681; baseline -0.007 -15"><span class='ocrx_word' id='word_1_19' title='bbox 192 616 296 666; x_wconf 90' lang='lat' dir='ltr'>ornate</span> <span class='ocrx_word' id='word_1_20' title='bbox 310 605 432 666; x_wconf 90' lang='lat' dir='ltr'>dicendi</span> <span class='ocrx_word' id='word_1_21' title='bbox 448 605 604 666; x_wconf 88' lang='lat' dir='ltr'>scientiam</span> <span class='ocrx_word' id='word_1_22' title='bbox 623 626 655 667; x_wconf 89' lang='lat' dir='ltr'>re</span> <span class='ocrx_word' id='word_1_23' title='bbox 674 604 861 665; x_wconf 90' lang='lat' dir='ltr'>cohaerentis</span> <span class='ocrx_word' id='word_1_24' title='bbox 875 601 1127 681; x_wconf 88' lang='lat' dir='ltr'>disputationibus</span> <span class='ocrx_word' id='word_1_25' title='bbox 1142 599 1206 660; x_wconf 91' lang='lat' dir='ltr'>suis</span> 
     </span>
     <span class='ocr_line' id='line_1_5' title="bbox 193 697 1207 783; baseline -0.008 -17"><span class='ocrx_word' id='word_1_26' title='bbox 193 705 357 782; x_wconf 86' lang='lat' dir='ltr'>separavit3</span> <span class='ocrx_word' id='word_1_27' title='bbox 377 705 462 766; x_wconf 90' lang='lat' dir='ltr'>cuius</span> <span class='ocrx_word' id='word_1_28' title='bbox 481 704 635 782; x_wconf 86' lang='lat' dir='ltr'>ingenium</span> <span class='ocrx_word' id='word_1_29' title='bbox 649 703 807 783; x_wconf 89' lang='lat' dir='ltr'>variosque</span> <span class='ocrx_word' id='word_1_30' title='bbox 821 722 973 764; x_wconf 87' lang='lat' dir='ltr'>sermones</span> <span class='ocrx_word' id='word_1_31' title='bbox 987 697 1207 760; x_wconf 81' lang='lat' dir='ltr'>immortalitati</span> 
     </span>
     <span class='ocr_line' id='line_1_6' title="bbox 193 798 1234 880; baseline -0.007 -18"><span class='ocrx_word' id='word_1_32' title='bbox 193 802 310 880; x_wconf 89' lang='lat' dir='ltr'>scriptis</span> <span class='ocrx_word' id='word_1_33' title='bbox 330 803 391 863; x_wconf 89' lang='lat' dir='ltr'>suis</span> <span class='ocrx_word' id='word_1_34' title='bbox 409 806 496 865; x_wconf 90' lang='lat' dir='ltr'>Plato</span> <span class='ocrx_word' id='word_1_35' title='bbox 512 803 643 877; x_wconf 87' lang='lat' dir='ltr'>tradidit,</span> <span class='ocrx_word' id='word_1_36' title='bbox 658 823 728 863; x_wconf 88' lang='lat' dir='ltr'>cum</span> <span class='ocrx_word' id='word_1_37' title='bbox 750 801 814 880; x_wconf 92' lang='lat' dir='ltr'>ipse</span> <span class='ocrx_word' id='word_1_38' title='bbox 834 801 962 862; x_wconf 86' lang='lat' dir='ltr'>litteram</span> <span class='ocrx_word' id='word_1_39' title='bbox 981 800 1118 859; x_wconf 87' lang='lat' dir='ltr'>Socrates</span> <span class='ocrx_word' id='word_1_40' title='bbox 1139 798 1234 864; x_wconf 86' lang='lat' dir='ltr'>nul-5</span> 
     </span>
     <span class='ocr_line' id='line_1_7' title="bbox 148 894 1207 978; baseline -0.002 -21"><span class='ocrx_word' id='word_1_41' title='bbox 148 907 178 957; x_wconf 86' lang='lat'>61</span> <span class='ocrx_word' id='word_1_42' title='bbox 193 901 253 960; x_wconf 91' lang='lat' dir='ltr'>lam</span> <span class='ocrx_word' id='word_1_43' title='bbox 267 899 441 978; x_wconf 87' lang='lat' dir='ltr'>reliquisset.</span> <span class='ocrx_word' id='word_1_44' title='bbox 487 900 571 960; x_wconf 88' lang='lat' dir='ltr'>Hine</span> <span class='ocrx_word' id='word_1_45' title='bbox 590 899 751 960; x_wconf 90' lang='lat' dir='ltr'>discidium</span> <span class='ocrx_word' id='word_1_46' title='bbox 770 898 845 958; x_wconf 88' lang='lat' dir='ltr'>illud</span> <span class='ocrx_word' id='word_1_47' title='bbox 861 896 971 958; x_wconf 89' lang='lat' dir='ltr'>exstitit</span> <span class='ocrx_word' id='word_1_48' title='bbox 986 894 1071 973; x_wconf 90' lang='lat' dir='ltr'>quasi</span> <span class='ocrx_word' id='word_1_49' title='bbox 1085 894 1207 972; x_wconf 86' lang='lat' dir='ltr'>linguae</span> 
     </span>
     <span class='ocr_line' id='line_1_8' title="bbox 193 994 1208 1075; baseline -0.006 -19"><span class='ocrx_word' id='word_1_50' title='bbox 193 1007 285 1075; x_wconf 88' lang='lat' dir='ltr'>atque</span> <span class='ocrx_word' id='word_1_51' title='bbox 301 996 410 1072; x_wconf 91' lang='lat' dir='ltr'>cordis,</span> <span class='ocrx_word' id='word_1_52' title='bbox 423 998 588 1058; x_wconf 88' lang='lat' dir='ltr'>absurdum</span> <span class='ocrx_word' id='word_1_53' title='bbox 607 1017 680 1056; x_wconf 93' lang='lat' dir='ltr'>sane</span> <span class='ocrx_word' id='word_1_54' title='bbox 699 1007 729 1056; x_wconf 91' lang='lat' dir='ltr'>et</span> <span class='ocrx_word' id='word_1_55' title='bbox 750 994 855 1055; x_wconf 87' lang='lat' dir='ltr'>inutile</span> <span class='ocrx_word' id='word_1_56' title='bbox 869 1005 899 1054; x_wconf 92' lang='lat' dir='ltr'>et</span> <span class='ocrx_word' id='word_1_57' title='bbox 913 994 1208 1071; x_wconf 90' lang='lat' dir='ltr'>reprehendendum,</span> 
     </span>
     <span class='ocr_line' id='line_1_9' title="bbox 194 1093 1208 1172; baseline -0.004 -18"><span class='ocrx_word' id='word_1_58' title='bbox 194 1105 228 1154; x_wconf 91' lang='lat' dir='ltr'>ut</span> <span class='ocrx_word' id='word_1_59' title='bbox 247 1093 298 1154; x_wconf 90' lang='lat' dir='ltr'>alii</span> <span class='ocrx_word' id='word_1_60' title='bbox 318 1114 375 1154; x_wconf 93' lang='lat' dir='ltr'>nos</span> <span class='ocrx_word' id='word_1_61' title='bbox 395 1115 509 1172; x_wconf 89' lang='lat' dir='ltr'>sapere,</span> <span class='ocrx_word' id='word_1_62' title='bbox 523 1093 574 1154; x_wconf 88' lang='lat' dir='ltr'>alii</span> <span class='ocrx_word' id='word_1_63' title='bbox 595 1093 695 1155; x_wconf 87' lang='lat' dir='ltr'>dicere</span> <span class='ocrx_word' id='word_1_64' title='bbox 715 1096 867 1155; x_wconf 87' lang='lat' dir='ltr'>docerent.</span> <span class='ocrx_word' id='word_1_65' title='bbox 911 1094 991 1152; x_wconf 90' lang='lat' dir='ltr'>Nam</span> <span class='ocrx_word' id='word_1_66' title='bbox 1014 1112 1083 1152; x_wconf 90' lang='lat' dir='ltr'>cum</span> <span class='ocrx_word' id='word_1_67' title='bbox 1105 1101 1208 1151; x_wconf 89' lang='lat' dir='ltr'>essent</span> 
     </span>
     <span class='ocr_line' id='line_1_10' title="bbox 193 1187 1208 1270; baseline -0.003 -19"><span class='ocrx_word' id='word_1_68' title='bbox 193 1193 293 1269; x_wconf 89' lang='lat' dir='ltr'>plures</span> <span class='ocrx_word' id='word_1_69' title='bbox 308 1191 364 1252; x_wconf 91' lang='lat' dir='ltr'>orti</span> <span class='ocrx_word' id='word_1_70' title='bbox 378 1194 440 1252; x_wconf 83' lang='lat' dir='ltr'>fere</span> <span class='ocrx_word' id='word_1_71' title='bbox 456 1213 475 1253; x_wconf 91' lang='lat' dir='ltr'>a</span> <span class='ocrx_word' id='word_1_72' title='bbox 489 1194 618 1265; x_wconf 89' lang='lat' dir='ltr'>Socrate,</span> <span class='ocrx_word' id='word_1_73' title='bbox 635 1194 719 1270; x_wconf 90' lang='lat' dir='ltr'>quod</span> <span class='ocrx_word' id='word_1_74' title='bbox 740 1212 777 1252; x_wconf 88' lang='lat' dir='ltr'>ex</span> <span class='ocrx_word' id='word_1_75' title='bbox 797 1190 877 1251; x_wconf 90' lang='lat' dir='ltr'>illius</span> <span class='ocrx_word' id='word_1_76' title='bbox 890 1189 978 1250; x_wconf 91' lang='lat' dir='ltr'>variis</span> <span class='ocrx_word' id='word_1_77' title='bbox 993 1201 1023 1251; x_wconf 90' lang='lat' dir='ltr'>et</span> <span class='ocrx_word' id='word_1_78' title='bbox 1038 1187 1162 1250; x_wconf 88' lang='lat' dir='ltr'>diversis</span> <span class='ocrx_word' id='word_1_79' title='bbox 1177 1198 1208 1248; x_wconf 87' lang='lat' dir='ltr'>et</span> 
     </span>
     <span class='ocr_line' id='line_1_11' title="bbox 194 1287 1254 1369; baseline -0.003 -21"><span class='ocrx_word' id='word_1_80' title='bbox 194 1289 226 1349; x_wconf 91' lang='lat' dir='ltr'>in</span> <span class='ocrx_word' id='word_1_81' title='bbox 240 1309 363 1350; x_wconf 92' lang='lat' dir='ltr'>omnem</span> <span class='ocrx_word' id='word_1_82' title='bbox 377 1301 492 1369; x_wconf 91' lang='lat' dir='ltr'>partem</span> <span class='ocrx_word' id='word_1_83' title='bbox 512 1289 627 1351; x_wconf 86' lang='lat' dir='ltr'>diffusis</span> <span class='ocrx_word' id='word_1_84' title='bbox 645 1288 899 1368; x_wconf 89' lang='lat' dir='ltr'>disputationibus</span> <span class='ocrx_word' id='word_1_85' title='bbox 915 1287 991 1349; x_wconf 91' lang='lat' dir='ltr'>alius</span> <span class='ocrx_word' id='word_1_86' title='bbox 1007 1287 1090 1348; x_wconf 90' lang='lat' dir='ltr'>aliud</span> <span class='ocrx_word' id='word_1_87' title='bbox 1103 1305 1208 1365; x_wconf 91' lang='lat' dir='ltr'>appre-</span> <span class='ocrx_word' id='word_1_88' title='bbox 1222 1307 1254 1345; x_wconf 86' lang='lat' dir='ltr'>ro</span> 
     </span>
     <span class='ocr_line' id='line_1_12' title="bbox 194 1383 1207 1466; baseline -0.002 -20"><span class='ocrx_word' id='word_1_89' title='bbox 194 1388 350 1462; x_wconf 89' lang='lat' dir='ltr'>henderat,</span> <span class='ocrx_word' id='word_1_90' title='bbox 377 1386 597 1466; x_wconf 85' lang='lat' dir='ltr'>proseminatae</span> <span class='ocrx_word' id='word_1_91' title='bbox 625 1398 695 1447; x_wconf 90' lang='lat' dir='ltr'>sunt</span> <span class='ocrx_word' id='word_1_92' title='bbox 722 1385 808 1464; x_wconf 91' lang='lat' dir='ltr'>quasi</span> <span class='ocrx_word' id='word_1_93' title='bbox 838 1384 969 1446; x_wconf 90' lang='lat' dir='ltr'>familiae</span> <span class='ocrx_word' id='word_1_94' title='bbox 996 1383 1207 1446; x_wconf 89' lang='lat' dir='ltr'>dissentientes</span> 
     </span>
     <span class='ocr_line' id='line_1_13' title="bbox 195 1482 1208 1562; baseline -0.005 -18"><span class='ocrx_word' id='word_1_95' title='bbox 195 1482 273 1545; x_wconf 90' lang='lat' dir='ltr'>inter</span> <span class='ocrx_word' id='word_1_96' title='bbox 286 1504 319 1546; x_wconf 91' lang='lat' dir='ltr'>se</span> <span class='ocrx_word' id='word_1_97' title='bbox 333 1495 363 1545; x_wconf 92' lang='lat' dir='ltr'>et</span> <span class='ocrx_word' id='word_1_98' title='bbox 377 1487 505 1545; x_wconf 91' lang='lat' dir='ltr'>multum</span> <span class='ocrx_word' id='word_1_99' title='bbox 520 1484 687 1545; x_wconf 88' lang='lat' dir='ltr'>disiunctae</span> <span class='ocrx_word' id='word_1_100' title='bbox 701 1495 731 1544; x_wconf 93' lang='lat' dir='ltr'>et</span> <span class='ocrx_word' id='word_1_101' title='bbox 745 1483 889 1562; x_wconf 85' lang='lat' dir='ltr'>dispares,</span> <span class='ocrx_word' id='word_1_102' title='bbox 899 1503 969 1544; x_wconf 89' lang='lat' dir='ltr'>curn</span> <span class='ocrx_word' id='word_1_103' title='bbox 984 1493 1086 1542; x_wconf 89' lang='lat' dir='ltr'>tamen</span> <span class='ocrx_word' id='word_1_104' title='bbox 1100 1500 1208 1541; x_wconf 88' lang='lat' dir='ltr'>omnes</span> 
     </span>
     <span class='ocr_line' id='line_1_14' title="bbox 149 1577 1207 1686; baseline -0.007 -43"><span class='ocrx_word' id='word_1_105' title='bbox 149 1645 163 1686; x_wconf 59' lang='grc' dir='ltr'>Ι</span> <span class='ocrx_word' id='word_1_106' title='bbox 197 1602 230 1643; x_wconf 92' lang='lat' dir='ltr'>se</span> <span class='ocrx_word' id='word_1_107' title='bbox 243 1579 416 1660; x_wconf 90' lang='lat' dir='ltr'>philosophi</span> <span class='ocrx_word' id='word_1_108' title='bbox 429 1581 597 1642; x_wconf 89' lang='lat' dir='ltr'>Socraticos</span> <span class='ocrx_word' id='word_1_109' title='bbox 616 1593 647 1643; x_wconf 88' lang='lat' dir='ltr'>et</span> <span class='ocrx_word' id='word_1_110' title='bbox 665 1580 726 1642; x_wconf 91' lang='lat' dir='ltr'>dici</span> <span class='ocrx_word' id='word_1_111' title='bbox 739 1582 851 1642; x_wconf 90' lang='lat' dir='ltr'>vellent</span> <span class='ocrx_word' id='word_1_112' title='bbox 864 1591 895 1641; x_wconf 90' lang='lat' dir='ltr'>et</span> <span class='ocrx_word' id='word_1_113' title='bbox 908 1599 975 1642; x_wconf 91' lang='lat' dir='ltr'>esse</span> <span class='ocrx_word' id='word_1_114' title='bbox 987 1577 1207 1640; x_wconf 87' lang='lat' dir='ltr'>arbitrarentur.</span> 
     </span>
     <span class='ocr_line' id='line_1_15' title="bbox 151 1678 1208 1769; baseline -0.005 -31"><span class='ocrx_word' id='word_1_115' title='bbox 151 1721 182 1769; x_wconf 81' lang='lat'>62</span> <span class='ocrx_word' id='word_1_116' title='bbox 198 1683 245 1740; x_wconf 91' lang='lat' dir='ltr'>Ac</span> <span class='ocrx_word' id='word_1_117' title='bbox 258 1678 355 1757; x_wconf 91' lang='lat' dir='ltr'>primo</span> <span class='ocrx_word' id='word_1_118' title='bbox 369 1679 408 1738; x_wconf 93' lang='lat' dir='ltr'>ab</span> <span class='ocrx_word' id='word_1_119' title='bbox 422 1678 489 1756; x_wconf 88' lang='lat' dir='ltr'>ipso</span> <span class='ocrx_word' id='word_1_120' title='bbox 505 1681 631 1740; x_wconf 87' lang='lat' dir='ltr'>Platone</span> <span class='ocrx_word' id='word_1_121' title='bbox 641 1678 816 1740; x_wconf 90' lang='lat' dir='ltr'>Aristoteles</span> <span class='ocrx_word' id='word_1_122' title='bbox 831 1688 862 1738; x_wconf 92' lang='lat' dir='ltr'>et</span> <span class='ocrx_word' id='word_1_123' title='bbox 874 1680 1070 1751; x_wconf 88' lang='lat' dir='ltr'>Xenocrates,</span> <span class='ocrx_word' id='word_1_124' title='bbox 1079 1694 1208 1753; x_wconf 89' lang='lat' dir='ltr'>quorum</span> 
     </span>
     <span class='ocr_line' id='line_1_16' title="bbox 197 1770 1254 1852; baseline -0.002 -17"><span class='ocrx_word' id='word_1_125' title='bbox 197 1778 272 1836; x_wconf 90' lang='lat' dir='ltr'>alter</span> <span class='ocrx_word' id='word_1_126' title='bbox 299 1774 575 1852; x_wconf 89' lang='lat' dir='ltr'>Peripateticorum,</span> <span class='ocrx_word' id='word_1_127' title='bbox 605 1777 679 1837; x_wconf 86' lang='lat' dir='ltr'>alter</span> <span class='ocrx_word' id='word_1_128' title='bbox 705 1773 890 1836; x_wconf 88' lang='lat' dir='ltr'>Academiae</span> <span class='ocrx_word' id='word_1_129' title='bbox 921 1793 1035 1835; x_wconf 88' lang='lat' dir='ltr'>nornen</span> <span class='ocrx_word' id='word_1_130' title='bbox 1067 1770 1206 1844; x_wconf 80' lang='lat' dir='ltr'>obtinuit,</span> <span class='ocrx_word' id='word_1_131' title='bbox 1224 1795 1254 1846; x_wconf 86' lang='lat'>15</span> 
     </span>
     <span class='ocr_line' id='line_1_17' title="bbox 197 1870 1210 1953; baseline -0.008 -16"><span class='ocrx_word' id='word_1_132' title='bbox 197 1875 309 1937; x_wconf 90' lang='lat' dir='ltr'>deinde</span> <span class='ocrx_word' id='word_1_133' title='bbox 326 1875 367 1935; x_wconf 91' lang='lat' dir='ltr'>ab</span> <span class='ocrx_word' id='word_1_134' title='bbox 380 1875 568 1947; x_wconf 90' lang='lat' dir='ltr'>Antisthene,</span> <span class='ocrx_word' id='word_1_135' title='bbox 585 1874 638 1953; x_wconf 92' lang='lat' dir='ltr'>qui</span> <span class='ocrx_word' id='word_1_136' title='bbox 657 1873 831 1952; x_wconf 90' lang='lat' dir='ltr'>patientiam</span> <span class='ocrx_word' id='word_1_137' title='bbox 851 1884 881 1934; x_wconf 91' lang='lat' dir='ltr'>et</span> <span class='ocrx_word' id='word_1_138' title='bbox 902 1871 1042 1934; x_wconf 89' lang='lat' dir='ltr'>duritiam</span> <span class='ocrx_word' id='word_1_139' title='bbox 1060 1870 1092 1931; x_wconf 95' lang='lat' dir='ltr'>in</span> <span class='ocrx_word' id='word_1_140' title='bbox 1106 1871 1210 1930; x_wconf 89' lang='lat' dir='ltr'>Socra·</span> 
     </span>
     <span class='ocr_line' id='line_1_18' title="bbox 197 1967 1209 2048; baseline -0.008 -14"><span class='ocrx_word' id='word_1_141' title='bbox 197 1973 258 2034; x_wconf 91' lang='lat' dir='ltr'>tico</span> <span class='ocrx_word' id='word_1_142' title='bbox 271 1996 273 1999; x_wconf 52' lang='lat'><strong><em>¹</em></strong></span> <span class='ocrx_word' id='word_1_143' title='bbox 286 1993 424 2035; x_wconf 90' lang='lat' dir='ltr'>sermone</span> <span class='ocrx_word' id='word_1_144' title='bbox 452 1972 581 2034; x_wconf 90' lang='lat' dir='ltr'>maxime</span> <span class='ocrx_word' id='word_1_145' title='bbox 608 1973 771 2045; x_wconf 70' lang='lat' dir='ltr'>adamant,</span> <span class='ocrx_word' id='word_1_146' title='bbox 799 1969 906 2047; x_wconf 91' lang='lat' dir='ltr'>Cynici</span> <span class='ocrx_word' id='word_1_147' title='bbox 933 1969 1074 2048; x_wconf 88' lang='lat' dir='ltr'>primum,</span> <span class='ocrx_word' id='word_1_148' title='bbox 1096 1967 1209 2028; x_wconf 93' lang='lat' dir='ltr'>deinde</span> 
     </span>
     <span class='ocr_line' id='line_1_19' title="bbox 197 2064 1207 2149; baseline -0.008 -18"><span class='ocrx_word' id='word_1_149' title='bbox 197 2069 298 2142; x_wconf 87' lang='lat' dir='ltr'>Stoici,</span> <span class='ocrx_word' id='word_1_150' title='bbox 317 2080 381 2129; x_wconf 91' lang='lat' dir='ltr'>turn</span> <span class='ocrx_word' id='word_1_151' title='bbox 400 2070 440 2130; x_wconf 92' lang='lat' dir='ltr'>ab</span> <span class='ocrx_word' id='word_1_152' title='bbox 459 2068 623 2149; x_wconf 90' lang='lat' dir='ltr'>Aristippo,</span> <span class='ocrx_word' id='word_1_153' title='bbox 638 2089 729 2147; x_wconf 88' lang='lat' dir='ltr'>quem</span> <span class='ocrx_word' id='word_1_154' title='bbox 751 2068 818 2128; x_wconf 89' lang='lat' dir='ltr'>illae</span> <span class='ocrx_word' id='word_1_155' title='bbox 838 2066 932 2144; x_wconf 89' lang='lat' dir='ltr'>magis</span> <span class='ocrx_word' id='word_1_156' title='bbox 946 2064 1129 2144; x_wconf 89' lang='lat' dir='ltr'>voluptariae</span> <span class='ocrx_word' id='word_1_157' title='bbox 1151 2064 1207 2125; x_wconf 93' lang='lat' dir='ltr'>dis-</span> 
     </span>
     <span class='ocr_line' id='line_1_20' title="bbox 196 2161 1209 2245; baseline -0.006 -19"><span class='ocrx_word' id='word_1_158' title='bbox 196 2165 367 2245; x_wconf 88' lang='lat' dir='ltr'>putationes</span> <span class='ocrx_word' id='word_1_159' title='bbox 381 2168 571 2240; x_wconf 89' lang='lat' dir='ltr'>delectarant,</span> <span class='ocrx_word' id='word_1_160' title='bbox 583 2165 747 2242; x_wconf 90' lang='lat' dir='ltr'>Cyrenaica</span> <span class='ocrx_word' id='word_1_161' title='bbox 761 2162 952 2244; x_wconf 89' lang='lat' dir='ltr'>philosophia</span> <span class='ocrx_word' id='word_1_162' title='bbox 966 2161 1106 2236; x_wconf 90' lang='lat' dir='ltr'>manavit,</span> <span class='ocrx_word' id='word_1_163' title='bbox 1116 2181 1209 2239; x_wconf 90' lang='lat' dir='ltr'>quam</span> 
     </span>
     <span class='ocr_line' id='line_1_21' title="bbox 197 2259 1256 2343; baseline -0.006 -19"><span class='ocrx_word' id='word_1_164' title='bbox 197 2263 248 2324; x_wconf 92' lang='lat' dir='ltr'>ille</span> <span class='ocrx_word' id='word_1_165' title='bbox 272 2261 393 2324; x_wconf 82' lang='lat' dir='ltr'>eteius</span> <span class='ocrx_word' id='word_1_166' title='bbox 417 2262 527 2341; x_wconf 90' lang='lat' dir='ltr'>posteri</span> <span class='ocrx_word' id='word_1_167' title='bbox 552 2263 725 2343; x_wconf 90' lang='lat' dir='ltr'>simpliciter</span> <span class='ocrx_word' id='word_1_168' title='bbox 749 2264 956 2336; x_wconf 87' lang='lat' dir='ltr'>defenderunt,</span> <span class='ocrx_word' id='word_1_169' title='bbox 982 2260 1022 2334; x_wconf 94' lang='lat' dir='ltr'>hi,</span> <span class='ocrx_word' id='word_1_170' title='bbox 1047 2259 1099 2338; x_wconf 92' lang='lat' dir='ltr'>qui</span> <span class='ocrx_word' id='word_1_171' title='bbox 1126 2279 1210 2319; x_wconf 88' lang='lat' dir='ltr'>nunc</span> <span class='ocrx_word' id='word_1_172' title='bbox 1225 2283 1256 2319; x_wconf 66' lang='grc' dir='ltr'>ιο</span> 
     </span>
     <span class='ocr_line' id='line_1_22' title="bbox 198 2359 1211 2442; baseline -0.004 -19"><span class='ocrx_word' id='word_1_173' title='bbox 198 2364 352 2442; x_wconf 89' lang='lat' dir='ltr'>voluptate</span> <span class='ocrx_word' id='word_1_174' title='bbox 366 2361 468 2423; x_wconf 92' lang='lat' dir='ltr'>omnia</span> <span class='ocrx_word' id='word_1_175' title='bbox 485 2361 655 2436; x_wconf 89' lang='lat' dir='ltr'>metiuntur,</span> <span class='ocrx_word' id='word_1_176' title='bbox 671 2364 745 2423; x_wconf 92' lang='lat' dir='ltr'>dum</span> <span class='ocrx_word' id='word_1_177' title='bbox 764 2359 962 2422; x_wconf 88' lang='lat' dir='ltr'>verecundius</span> <span class='ocrx_word' id='word_1_178' title='bbox 983 2359 1015 2420; x_wconf 92' lang='lat' dir='ltr'>id</span> <span class='ocrx_word' id='word_1_179' title='bbox 1035 2369 1137 2436; x_wconf 90' lang='lat' dir='ltr'>agunt,</span> <span class='ocrx_word' id='word_1_180' title='bbox 1152 2379 1211 2419; x_wconf 89' lang='lat' dir='ltr'>nec</span> 
     </span>
     <span class='ocr_line' id='line_1_23' title="bbox 198 2457 1212 2540; baseline -0.009 -17"><span class='ocrx_word' id='word_1_181' title='bbox 198 2460 336 2540; x_wconf 86' lang='lat' dir='ltr'>dignitati</span> <span class='ocrx_word' id='word_1_182' title='bbox 364 2459 434 2520; x_wconf 88' lang='lat' dir='ltr'>satis</span> <span class='ocrx_word' id='word_1_183' title='bbox 458 2459 579 2533; x_wconf 88' lang='lat' dir='ltr'>faciunt,</span> <span class='ocrx_word' id='word_1_184' title='bbox 603 2479 695 2538; x_wconf 90' lang='lat' dir='ltr'>quam</span> <span class='ocrx_word' id='word_1_185' title='bbox 722 2480 786 2520; x_wconf 93' lang='lat' dir='ltr'>non</span> <span class='ocrx_word' id='word_1_186' title='bbox 813 2469 1019 2537; x_wconf 90' lang='lat' dir='ltr'>aspernantur,</span> <span class='ocrx_word' id='word_1_187' title='bbox 1043 2476 1100 2516; x_wconf 90' lang='lat' dir='ltr'>nec</span> <span class='ocrx_word' id='word_1_188' title='bbox 1128 2457 1212 2517; x_wconf 90' lang='lat' dir='ltr'>volu-</span> 
     </span>
     <span class='ocr_line' id='line_1_24' title="bbox 186 2553 1212 2639; baseline -0.009 -18"><span class='ocrx_word' id='word_1_189' title='bbox 186 2570 313 2639; x_wconf 87' lang='lat' dir='ltr'>ptatem</span> <span class='ocrx_word' id='word_1_190' title='bbox 328 2569 455 2631; x_wconf 90' lang='lat' dir='ltr'>tuentur,</span> <span class='ocrx_word' id='word_1_191' title='bbox 466 2576 556 2634; x_wconf 91' lang='lat' dir='ltr'>quarn</span> <span class='ocrx_word' id='word_1_192' title='bbox 571 2556 732 2636; x_wconf 90' lang='lat' dir='ltr'>amplexari</span> <span class='ocrx_word' id='word_1_193' title='bbox 746 2559 859 2618; x_wconf 87' lang='lat' dir='ltr'>volunt.</span> <span class='ocrx_word' id='word_1_194' title='bbox 904 2559 1037 2616; x_wconf 88' lang='lat' dir='ltr'>Fuemnt</span> <span class='ocrx_word' id='word_1_195' title='bbox 1050 2553 1141 2614; x_wconf 90' lang='lat' dir='ltr'>etiam</span> <span class='ocrx_word' id='word_1_196' title='bbox 1152 2553 1212 2615; x_wconf 89' lang='lat' dir='ltr'>alia</span> 
     </span>
     <span class='ocr_line' id='line_1_25' title="bbox 200 2651 1212 2736; baseline -0.006 -18"><span class='ocrx_word' id='word_1_197' title='bbox 200 2677 309 2736; x_wconf 91' lang='lat' dir='ltr'>genera</span> <span class='ocrx_word' id='word_1_198' title='bbox 331 2656 586 2735; x_wconf 90' lang='lat' dir='ltr'>philosophorum,</span> <span class='ocrx_word' id='word_1_199' title='bbox 610 2655 663 2733; x_wconf 91' lang='lat' dir='ltr'>qui</span> <span class='ocrx_word' id='word_1_200' title='bbox 687 2675 720 2716; x_wconf 92' lang='lat' dir='ltr'>se</span> <span class='ocrx_word' id='word_1_201' title='bbox 742 2675 848 2716; x_wconf 90' lang='lat' dir='ltr'>omnes</span> <span class='ocrx_word' id='word_1_202' title='bbox 872 2656 933 2715; x_wconf 84' lang='lat' dir='ltr'>fere</span> <span class='ocrx_word' id='word_1_203' title='bbox 954 2651 1121 2714; x_wconf 88' lang='lat' dir='ltr'>Socraticos</span> <span class='ocrx_word' id='word_1_204' title='bbox 1144 2672 1212 2713; x_wconf 91' lang='lat' dir='ltr'>esse</span> 
     </span>
     <span class='ocr_line' id='line_1_26' title="bbox 200 2750 1255 2830; baseline -0.01 -14"><span class='ocrx_word' id='word_1_205' title='bbox 200 2755 352 2828; x_wconf 88' lang='lat' dir='ltr'>dicebant,</span> <span class='ocrx_word' id='word_1_206' title='bbox 368 2752 578 2828; x_wconf 88' lang='lat' dir='ltr'>Eretricorum,</span> <span class='ocrx_word' id='word_1_207' title='bbox 594 2752 772 2825; x_wconf 89' lang='lat' dir='ltr'>Erilliorum‚</span> <span class='ocrx_word' id='word_1_208' title='bbox 785 2751 1014 2830; x_wconf 85' lang='lat' dir='ltr'>Megaricorum,</span> <span class='ocrx_word' id='word_1_209' title='bbox 1027 2750 1212 2826; x_wconf 81' lang='lat' dir='ltr'>Pyrrhoneo</span> <span class='ocrx_word' id='word_1_210' title='bbox 1227 2766 1255 2816; x_wconf 82' lang='lat'>²5</span> 
     </span>
     <span class='ocr_line' id='line_1_27' title="bbox 201 2848 1211 2930; baseline -0.006 -16"><span class='ocrx_word' id='word_1_211' title='bbox 201 2850 288 2927; x_wconf 52' lang='lat' dir='ltr'>rum&#39;3</span> <span class='ocrx_word' id='word_1_212' title='bbox 317 2855 371 2915; x_wconf 89' lang='lat' dir='ltr'>sed</span> <span class='ocrx_word' id='word_1_213' title='bbox 393 2872 429 2912; x_wconf 93' lang='lat' dir='ltr'>ea</span> <span class='ocrx_word' id='word_1_214' title='bbox 456 2854 563 2912; x_wconf 90' lang='lat' dir='ltr'>horum</span> <span class='ocrx_word' id='word_1_215' title='bbox 585 2851 614 2911; x_wconf 87' lang='lat' dir='ltr'>vi</span> <span class='ocrx_word' id='word_1_216' title='bbox 643 2863 673 2917; x_wconf 91' lang='lat' dir='ltr'>et</span> <span class='ocrx_word' id='word_1_217' title='bbox 700 2851 952 2930; x_wconf 90' lang='lat' dir='ltr'>disputationibus</span> <span class='ocrx_word' id='word_1_218' title='bbox 977 2860 1047 2910; x_wconf 92' lang='lat' dir='ltr'>sunt</span> <span class='ocrx_word' id='word_1_219' title='bbox 1074 2848 1211 2909; x_wconf 90' lang='lat' dir='ltr'>iamdiu</span> 
     </span>
     <span class='ocr_line' id='line_1_28' title="bbox 155 2945 1213 3027; baseline -0.001 -21"><span class='ocrx_word' id='word_1_220' title='bbox 155 2955 190 3021; x_wconf 48' lang='grc' dir='ltr'>63Ἰ</span> <span class='ocrx_word' id='word_1_221' title='bbox 201 2953 293 3011; x_wconf 85' lang='lat' dir='ltr'>fracta</span> <span class='ocrx_word' id='word_1_222' title='bbox 307 2961 337 3010; x_wconf 91' lang='lat' dir='ltr'>et</span> <span class='ocrx_word' id='word_1_223' title='bbox 351 2949 503 3011; x_wconf 85' lang='lat' dir='ltr'>exstincta.</span> <span class='ocrx_word' id='word_1_224' title='bbox 548 2952 594 3010; x_wconf 88' lang='lat' dir='ltr'>Ex</span> <span class='ocrx_word' id='word_1_225' title='bbox 607 2948 664 3010; x_wconf 93' lang='lat' dir='ltr'>illis</span> <span class='ocrx_word' id='word_1_226' title='bbox 678 2961 779 3010; x_wconf 89' lang='lat' dir='ltr'>autern</span> <span class='ocrx_word' id='word_1_227' title='bbox 794 2968 872 3027; x_wconf 91' lang='lat' dir='ltr'>quae</span> <span class='ocrx_word' id='word_1_228' title='bbox 886 2958 1049 3020; x_wconf 84' lang='lat' dir='ltr'>remanent,</span> <span class='ocrx_word' id='word_1_229' title='bbox 1066 2967 1102 3007; x_wconf 92' lang='lat' dir='ltr'>ea</span> <span class='ocrx_word' id='word_1_230' title='bbox 1115 2945 1213 3024; x_wconf 92' lang='lat' dir='ltr'>philo·</span> 
     </span>
     <span class='ocr_line' id='line_1_29' title="bbox 200 3044 1212 3128; baseline -0.004 -20"><span class='ocrx_word' id='word_1_231' title='bbox 200 3047 317 3126; x_wconf 91' lang='lat' dir='ltr'>sophia,</span> <span class='ocrx_word' id='word_1_232' title='bbox 331 3067 409 3126; x_wconf 92' lang='lat' dir='ltr'>quae</span> <span class='ocrx_word' id='word_1_233' title='bbox 429 3047 561 3128; x_wconf 91' lang='lat' dir='ltr'>suscepit</span> <span class='ocrx_word' id='word_1_234' title='bbox 584 3046 782 3126; x_wconf 89' lang='lat' dir='ltr'>patrocinium</span> <span class='ocrx_word' id='word_1_235' title='bbox 803 3044 974 3126; x_wconf 86' lang='lat' dir='ltr'>voluptatis,</span> <span class='ocrx_word' id='word_1_236' title='bbox 995 3044 1051 3106; x_wconf 91' lang='lat' dir='ltr'>etsi</span> <span class='ocrx_word' id='word_1_237' title='bbox 1072 3044 1121 3105; x_wconf 89' lang='lat' dir='ltr'>cui</span> <span class='ocrx_word' id='word_1_238' title='bbox 1141 3065 1212 3105; x_wconf 90' lang='lat' dir='ltr'>vera</span> 
     </span>
     <span class='ocr_line' id='line_1_30' title="bbox 201 3142 1211 3224; baseline -0.002 -19"><span class='ocrx_word' id='word_1_239' title='bbox 201 3144 345 3221; x_wconf 89' lang='lat' dir='ltr'>videatur,</span> <span class='ocrx_word' id='word_1_240' title='bbox 360 3149 464 3224; x_wconf 91' lang='lat' dir='ltr'>procul</span> <span class='ocrx_word' id='word_1_241' title='bbox 477 3147 563 3207; x_wconf 89' lang='lat' dir='ltr'>abest</span> <span class='ocrx_word' id='word_1_242' title='bbox 577 3157 678 3206; x_wconf 89' lang='lat' dir='ltr'>tamen</span> <span class='ocrx_word' id='word_1_243' title='bbox 692 3145 731 3205; x_wconf 93' lang='lat' dir='ltr'>ab</span> <span class='ocrx_word' id='word_1_244' title='bbox 750 3165 788 3206; x_wconf 93' lang='lat' dir='ltr'>eo</span> <span class='ocrx_word' id='word_1_245' title='bbox 802 3143 875 3219; x_wconf 86' lang='lat' dir='ltr'>vim,</span> <span class='ocrx_word' id='word_1_246' title='bbox 889 3163 980 3222; x_wconf 88' lang='lat' dir='ltr'>quem</span> <span class='ocrx_word' id='word_1_247' title='bbox 995 3142 1166 3222; x_wconf 90' lang='lat' dir='ltr'>quaerimus</span> <span class='ocrx_word' id='word_1_248' title='bbox 1180 3154 1211 3203; x_wconf 91' lang='lat' dir='ltr'>et</span> 
     </span>
     <span class='ocr_line' id='line_1_31' title="bbox 201 3239 1256 3323; baseline 0.002 -21"><span class='ocrx_word' id='word_1_249' title='bbox 201 3261 293 3320; x_wconf 91' lang='lat' dir='ltr'>quem</span> <span class='ocrx_word' id='word_1_250' title='bbox 313 3254 466 3304; x_wconf 88' lang='lat' dir='ltr'>auctorem</span> <span class='ocrx_word' id='word_1_251' title='bbox 485 3241 598 3323; x_wconf 92' lang='lat' dir='ltr'>publici</span> <span class='ocrx_word' id='word_1_252' title='bbox 616 3241 722 3302; x_wconf 91' lang='lat' dir='ltr'>consili</span> <span class='ocrx_word' id='word_1_253' title='bbox 743 3252 772 3303; x_wconf 89' lang='lat' dir='ltr'>et</span> <span class='ocrx_word' id='word_1_254' title='bbox 793 3244 941 3320; x_wconf 86' lang='lat' dir='ltr'>regendae</span> <span class='ocrx_word' id='word_1_255' title='bbox 959 3239 1085 3301; x_wconf 89' lang='lat' dir='ltr'>civitatis</span> <span class='ocrx_word' id='word_1_256' title='bbox 1100 3241 1211 3300; x_wconf 90' lang='lat' dir='ltr'>ducem</span> <span class='ocrx_word' id='word_1_257' title='bbox 1225 3255 1256 3304; x_wconf 83' lang='lat'>30</span> 
     </span>
     <span class='ocr_line' id='line_1_32' title="bbox 201 3336 1212 3419; baseline -0.005 -18"><span class='ocrx_word' id='word_1_258' title='bbox 201 3350 233 3401; x_wconf 91' lang='lat' dir='ltr'>et</span> <span class='ocrx_word' id='word_1_259' title='bbox 259 3339 425 3401; x_wconf 90' lang='lat' dir='ltr'>sententiae</span> <span class='ocrx_word' id='word_1_260' title='bbox 452 3352 542 3418; x_wconf 90' lang='lat' dir='ltr'>atque</span> <span class='ocrx_word' id='word_1_261' title='bbox 570 3339 758 3418; x_wconf 90' lang='lat' dir='ltr'>eloquentiae</span> <span class='ocrx_word' id='word_1_262' title='bbox 785 3339 949 3419; x_wconf 88' lang='lat' dir='ltr'>principem</span> <span class='ocrx_word' id='word_1_263' title='bbox 979 3338 1011 3400; x_wconf 91' lang='lat' dir='ltr'>in</span> <span class='ocrx_word' id='word_1_264' title='bbox 1028 3347 1155 3412; x_wconf 81' lang='lat' dir='ltr'>senatu,</span> <span class='ocrx_word' id='word_1_265' title='bbox 1178 3336 1212 3397; x_wconf 93' lang='lat' dir='ltr'>in</span> 
     </span>
     <span class='ocr_line' id='line_1_33' title="bbox 201 3433 1211 3517; baseline -0.004 -19"><span class='ocrx_word' id='word_1_266' title='bbox 201 3439 323 3517; x_wconf 82' lang='lat' dir='ltr'>popule,</span> <span class='ocrx_word' id='word_1_267' title='bbox 335 3437 367 3497; x_wconf 96' lang='lat' dir='ltr'>in</span> <span class='ocrx_word' id='word_1_268' title='bbox 382 3437 478 3498; x_wconf 91' lang='lat' dir='ltr'>causis</span> <span class='ocrx_word' id='word_1_269' title='bbox 495 3436 623 3517; x_wconf 93' lang='lat' dir='ltr'>publicis</span> <span class='ocrx_word' id='word_1_270' title='bbox 642 3457 707 3497; x_wconf 91' lang='lat' dir='ltr'>esse</span> <span class='ocrx_word' id='word_1_271' title='bbox 721 3439 867 3497; x_wconf 87' lang='lat' dir='ltr'>volumus.</span> <span class='ocrx_word' id='word_1_272' title='bbox 912 3439 978 3497; x_wconf 90' lang='lat' dir='ltr'>Nec</span> <span class='ocrx_word' id='word_1_273' title='bbox 992 3437 1053 3495; x_wconf 90' lang='lat' dir='ltr'>ulla</span> <span class='ocrx_word' id='word_1_274' title='bbox 1066 3446 1168 3496; x_wconf 87' lang='lat' dir='ltr'>tamen</span> <span class='ocrx_word' id='word_1_275' title='bbox 1182 3433 1211 3495; x_wconf 92' lang='lat' dir='ltr'>ei</span> 
     </span>
    </p>
   </div>
   <div class='ocr_carea' id='block_1_3' title="bbox 234 3589 1169 3655">
    <p class='ocr_par' dir='ltr' id='par_1_3' title="bbox 234 3589 1169 3655">
     <span class='ocr_line' id='line_1_34' title="bbox 234 3589 1169 3655; baseline -0.004 -13"><span class='ocrx_word' id='word_1_276' title='bbox 234 3607 268 3642; x_wconf 79' lang='lat' dir='ltr'>ao</span> <span class='ocrx_word' id='word_1_277' title='bbox 285 3592 456 3642; x_wconf 79' lang='lat' dir='ltr'>defenderunt</span> <span class='ocrx_word' id='word_1_278' title='bbox 468 3591 556 3655; x_wconf 68' lang='lat' dir='ltr'>vulga:</span> <span class='ocrx_word' id='word_1_279' title='bbox 572 3591 744 3640; x_wconf 79' lang='lat' dir='ltr'>defenderant</span> <span class='ocrx_word' id='word_1_280' title='bbox 753 3590 821 3640; x_wconf 81' lang='lat' dir='ltr'>codd.</span> <span class='ocrx_word' id='word_1_281' title='bbox 835 3607 840 3638; x_wconf 93' lang='lat'><strong>:</strong></span> <span class='ocrx_word' id='word_1_282' title='bbox 858 3590 1034 3640; x_wconf 83' lang='lat' dir='ltr'>defendebant</span> <span class='ocrx_word' id='word_1_283' title='bbox 1046 3589 1169 3638; x_wconf 77' lang='lat' dir='ltr'>Frr&#39;edn&#39;ch</span> 
     </span>
    </p>
   </div>
   <div class='ocr_carea' id='block_1_4' title="bbox 0 0 1340 4216">
    <p class='ocr_par' dir='ltr' id='par_1_4' title="bbox 0 0 1340 4216">
     <span class='ocr_line' id='line_1_35' title="bbox 0 0 1340 4216; baseline 0 0"><span class='ocrx_word' id='word_1_284' title='bbox 0 0 1340 4216; x_wconf 95' lang='lat' dir='ltr'> </span> 
     </span>
    </p>
   </div>
  </div>
 </body>
</html>
