2648 4216
414 270 416 275 ·
453 253 512 313 ou
532 251 739 314 oranroau
781 252 815 313 11
1137 262 1158 308 ο
1173 272 1186 323 ⁵

124 419 184 480 hoc
193 437 227 480 se
236 437 326 497 posse
339 418 503 497 profitetur,
513 429 564 478 aut
575 415 765 496 eloquentiae
775 436 888 479 nornen
897 416 1127 495 relinquendum

124 527 178 577 est
209 517 278 592 Qua
291 535 322 576 re
336 515 477 593 equidem
492 526 523 576 et
536 515 567 575 in
582 527 683 576 nostra
696 514 815 576 civitate
829 527 858 576 et
872 515 903 575 in
918 515 983 593 ipsa
994 513 1128 583 Graecia,
1142 522 1158 574 6

125 633 203 691 quae
216 633 335 691 semper
353 615 428 674 haec
449 633 567 673 summa
586 612 678 685 duxit,
695 614 805 673 multos
824 622 855 674 et
875 611 1001 691 ingeniis
1014 612 1130 671 eximtis

125 721 156 772 et
170 729 279 788 magna
292 710 382 771 laude
397 709 519 771 dicendi
532 709 597 770 sine
611 728 729 769 summa
744 728 840 769 rerum
855 708 991 770 omnium
1006 708 1130 769 scientia

95 827 111 876 5
125 807 217 868 fuisse
226 809 340 881 fateor3
360 809 451 868 talem
462 827 532 868 vero
541 806 681 868 exsistere
692 806 904 884 eloquentiam,
920 806 1015 884 qualis
1029 805 1084 866 fuit
1098 805 1131 864 in

125 906 235 967 Crasso
257 916 288 966 et
309 904 453 977 Antonio,
476 924 538 965 non
561 904 687 983 cognitis
709 905 798 965 rebus
821 904 970 977 omnibus,
990 922 1068 982 quae
1090 904 1130 962 ad

125 1013 240 1062 tantam
257 1001 446 1081 prudentiam
466 1001 655 1080 pertinerent,
671 1012 845 1079 tantamque
862 999 983 1063 dicendi
1000 999 1127 1078 copiam,

125 1110 239 1176 quanta
255 1097 286 1159 in
304 1098 363 1159 illis
379 1098 443 1172 fuit,
459 1119 521 1159 non
535 1098 668 1177 potuisse
685 1099 839 1160 confirmo.
883 1100 954 1175 Quo
968 1096 1057 1158 etiam
1072 1095 1158 1168 leci7

124 1194 275 1267 libentius,
291 1207 324 1256 ut
338 1215 408 1256 eum
423 1215 601 1270 sermonem,
617 1214 709 1273 quem
728 1195 770 1255 illi
784 1196 938 1273 quondam
954 1193 1030 1255 inter
1044 1213 1076 1254 se
1091 1195 1130 1254 de

80 1317 112 1353 ιο
125 1291 173 1352 his
194 1293 283 1353 rebus
302 1292 486 1366 habuissent,
506 1295 680 1354 mandarem
700 1291 811 1365 litteris,
832 1293 879 1353 vel
896 1303 929 1352 ut
948 1291 999 1351 illa
1017 1290 1129 1368 opinio,

125 1409 204 1467 quae
224 1409 342 1468 semper
362 1389 474 1464 fuisset,
498 1391 657 1463 tolleretur,
679 1391 804 1450 alterum
829 1409 892 1449 non
913 1387 1129 1462 doctissimum,

125 1489 252 1548 alterurn
273 1489 363 1566 plane
384 1487 542 1549 indoctum
563 1487 654 1549 luisse
664 1510 673 1562 3
700 1489 748 1548 vel
768 1497 801 1546 ut
822 1507 865 1559 ea,
889 1507 967 1564 quae
986 1485 1132 1547 existima-

124 1604 189 1645 rem
202 1605 221 1644 a
234 1585 360 1646 summis
374 1585 541 1647 oratoribus
559 1587 600 1647 de
618 1584 790 1662 eloquentia
804 1583 946 1644 divinitus
960 1603 1026 1644 esse
1040 1583 1128 1656 dicta,

125 1682 308 1758 custodirem
343 1682 455 1756 litteris,
487 1683 512 1743 si
540 1685 602 1744 ullo
635 1685 729 1744 modo
755 1681 883 1759 adsequi
909 1680 1130 1759 complectique

80 1805 110 1855 15
125 1780 310 1857 potuissem3
341 1782 388 1842 vel
411 1801 460 1842 me
479 1782 600 1842 hercule
621 1780 712 1841 etiam
737 1791 771 1840 ut
793 1781 913 1840 laudem
941 1798 1045 1839 eorum
1070 1778 1129 1838 iam

124 1896 220 1955 prope
246 1888 463 1952 senescentem,
493 1889 639 1955 quantum
668 1898 725 1955 ego
752 1896 881 1956 possem,
910 1877 950 1936 ab
977 1875 1130 1937 oblivione

125 1974 283 2034 hominum
301 1987 393 2053 atque
408 1994 428 2035 a
444 1973 563 2036 silentio
576 1974 767 2035 vindicarem.
812 1975 891 2033 Nam
913 1972 938 2032 si
959 1993 995 2033 ex
1014 1972 1157 2051 scriptiss

124 2071 267 2150 cognosci
280 2071 338 2151 ipsi
357 2071 418 2133 suis
434 2071 611 2150 potuissent,
635 2071 734 2131 minus
755 2072 814 2132 hoc
833 2073 957 2132 sortasse
976 2070 1050 2130 mihi
1064 2091 1130 2132 esse

125 2180 277 2247 putassem
298 2171 518 2244 laborandum;
542 2170 596 2230 sed
617 2189 687 2229 cum
708 2171 781 2229 alter
802 2189 864 2229 non
886 2170 1022 2242 multum,
1047 2170 1130 2246 quod

81 2293 113 2328 20
125 2265 249 2343 quidem
268 2278 404 2339 exstaret,
420 2277 451 2329 et
470 2266 502 2327 id
522 2265 620 2345 ipsum
639 2268 825 2338 adulescens,
841 2268 915 2327 alter
933 2265 1008 2325 nihil
1028 2268 1131 2327 admo

125 2363 200 2423 dum
220 2362 322 2442 scripti
342 2363 518 2442 reliquisset,
541 2364 645 2426 deberi
666 2366 725 2425 hoc
749 2384 767 2423 a
791 2384 840 2424 me
862 2363 951 2423 tantis
972 2362 1130 2423 hominum

124 2459 251 2538 ingeniis
267 2459 377 2539 putavi,
399 2472 440 2534 ut,
461 2481 531 2521 cum
550 2462 641 2522 etiam
662 2482 744 2523 nunc
762 2461 860 2521 vivam
880 2461 997 2522 illorum
1018 2481 1130 2522 memo

124 2555 198 2616 riam
224 2568 402 2630 teneremus,
429 2559 508 2618 hanc
535 2557 734 2620 immortalem
759 2560 924 2630 redderem,
949 2557 974 2617 si
998 2577 1126 2635 possem.

126 2655 219 2730 Quod
233 2655 292 2715 hoc
311 2653 401 2715 etiam
416 2675 470 2733 spe
483 2657 641 2734 adgredior
659 2657 771 2718 maiore
788 2657 827 2717 ad
845 2657 1041 2734 probandum,
1058 2655 1158 2732 quiao

79 2781 110 2832 ²5
125 2772 188 2812 non
215 2753 255 2813 de
282 2753 343 2813 Ser,
374 2754 489 2814 Galbae
516 2765 568 2814 aut
596 2755 631 2816 C.
656 2754 804 2817 Carbonis
832 2752 1003 2830 eloquentia
1030 2752 1129 2812 scribo

124 2848 247 2927 aliquid,
270 2848 302 2910 in
322 2870 385 2928 quo
406 2849 495 2912 liceat
517 2850 591 2911 mihi
616 2852 736 2929 fingere,
759 2851 784 2912 si
805 2850 879 2929 quid
900 2849 996 2921 velim,
1020 2849 1130 2910 nullius

124 2947 270 3009 memoria
286 2947 346 3007 iam
365 2969 414 3009 me
433 2950 594 3020 refellente,
611 2950 665 3009 sed
680 2951 738 3010 edo
758 2950 832 3010 haec
852 2947 894 3009 eis
912 2949 1128 3025 cognoscenda,

125 3043 178 3122 qui
199 3065 252 3106 eos
268 3044 358 3124 ipsos,
374 3047 414 3107 de
433 3045 544 3124 quibus
563 3049 678 3124 loquor,
695 3066 784 3124 saepe
804 3045 963 3106 audierunt
972 3067 981 3119 ;
1001 3057 1035 3106 ut
1054 3046 1130 3105 duos

125 3162 260 3203 summos
285 3142 363 3204 viros
390 3143 442 3218 eis,
468 3143 520 3221 qui
548 3155 688 3204 neutrum
716 3142 834 3203 illorum
858 3141 993 3213 viderint,
1016 3161 1129 3214 eorum,

79 3263 112 3311 50
126 3239 236 3317 quibus
254 3241 346 3302 ambo
367 3241 409 3301 illi
430 3252 561 3301 oratores
582 3241 694 3318 cogniti
710 3239 778 3313 sint,
793 3239 928 3299 vivorum
947 3250 977 3299 et
996 3258 1132 3317 praesen·

125 3337 200 3399 tium
216 3338 360 3400 memoria
374 3350 449 3400 teste
468 3341 725 3400 commendemus.
763 3339 829 3398 Nec
842 3357 913 3398 vero
927 3347 965 3408 te,
981 3335 1131 3398 carissime
1144 3301 1177 3429 ᾗ

157 3502 218 3555 get
234 3495 348 3556 ingeniis
365 3502 391 3544 et
414 3511 507 3558 magna
529 3494 616 3544 codd:
643 3493 743 3543 eximiis
766 3493 825 3543 add.
841 3491 948 3557 Stangl:
971 3499 998 3541 et
1020 3493 1132 3554 ingeniis

126 3575 235 3622 magnos
246 3568 272 3610 et
285 3562 362 3610 laude
373 3560 487 3610 Ellmdt:
500 3561 546 3609 alri'
555 3561 607 3609 alia
619 3565 804 3624 temptaverunt
914 3572 931 3620 5
949 3558 997 3606 suit
1009 3575 1035 3605 a·
1054 3559 1131 3607 luerit

126 3640 179 3675 noc.
281 3627 452 3676 6intantarn
464 3625 499 3674 Le
