2626 4214
331 850 384 924 M.
424 851 586 924 TVLLI
625 849 931 926 CICERONIS

428 1048 508 1122 DE
546 1049 820 1124 ORATORE

293 1244 342 1294 AD
364 1244 526 1308 Qvtrtrvlt
551 1246 721 1296 FRATREM
746 1247 845 1296 LIBRI
869 1247 961 1297 TRES

464 1464 595 1522 LIBER
622 1465 786 1524 PRIMVS

163 1620 343 1679 Cosmum
364 1617 440 1679 mihi
459 1639 549 1696 saepe
570 1639 696 1680 numero
712 1630 743 1680 et
763 1618 909 1679 memoria
927 1630 1028 1681 vetera
1047 1638 1153 1698 repet

120 1714 198 1775 tenti
217 1715 352 1793 perbeati
364 1715 464 1790 fuisse,
481 1715 595 1792 Quinte
613 1718 709 1790 frater,
730 1716 772 1776 illi
790 1716 885 1777 videri
903 1719 1009 1790 solent,
1024 1717 1077 1794 qui
1095 1716 1127 1777 in

121 1810 237 1888 optima
260 1812 443 1889 republica,
468 1833 538 1873 cum
560 1824 591 1873 et
614 1813 780 1874 honoribus
803 1825 834 1873 et
857 1834 956 1874 rerum
977 1827 1126 1892 gestarum

120 1908 215 1986 gloria
228 1911 375 1983 florerent,
385 1929 455 1969 eum
469 1910 547 1970 vitae
560 1929 680 1970 cursum
695 1922 796 1970 tenere
809 1921 980 1987 potuerunt,
993 1924 1025 1972 ut
1038 1915 1086 1972 vel
1094 1911 1126 1972 in

90 2029 106 2077 5
121 2005 244 2082 negotio
257 2005 323 2066 sine
335 2007 470 2084 periculo
478 2010 526 2067 vel
540 2007 571 2067 in
585 2007 648 2068 otio
664 2026 734 2067 cum
749 2008 893 2084 dignitate
909 2029 976 2069 esse
984 2021 1128 2086 possent;

119 2122 158 2162 ac
184 2103 240 2163 fuit
263 2123 334 2163 cum
356 2103 430 2164 mihi
450 2123 572 2181 quoque
590 2103 708 2164 initium
730 2105 937 2182 requiescendi
955 2119 1046 2183 atque
1065 2107 1127 2167 ani-

121 2220 206 2259 mum
236 2202 277 2261 ad
306 2201 460 2278 utriusque
494 2214 629 2261 nostrum
662 2205 814 2278 praeclara
847 2202 947 2262 studia
979 2204 1127 2265 referendi

119 2299 185 2356 fore
204 2297 316 2358 iustum
337 2310 368 2358 et
387 2318 482 2375 prope
502 2299 541 2358 ab
562 2298 704 2358 omnibus
725 2318 903 2359 concessum
922 2300 1125 2374 arbitrarer‚si

119 2391 255 2454 infinitus
282 2394 445 2455 forensium
472 2416 571 2455 rerum
598 2396 683 2456 labor
709 2407 739 2455 et
767 2395 940 2456 ambitionis
967 2398 1126 2474 occupatio

74 2515 107 2554 ιο
119 2493 249 2552 decursu
273 2494 431 2566 honorum,
454 2492 544 2552 etiam
566 2492 671 2553 aetatis
691 2495 770 2552 flexu
791 2493 980 2554 constitisset
1023 2497 1152 2571 Quam2

119 2608 206 2665 spem
233 2588 449 2666 cogitationum
477 2600 508 2650 et
535 2590 729 2651 consiliorum
756 2610 893 2651 meorum
920 2610 991 2650 cum
1022 2611 1125 2669 graves

118 2687 327 2747 communium
348 2699 518 2765 temporum
540 2699 605 2748 tum
625 2687 698 2748 varii
719 2687 812 2747 nostri
832 2707 920 2747 casus
940 2690 1126 2765 fefellerunt;

118 2803 191 2842 nam
218 2783 271 2861 qui
298 2787 383 2845 locus
410 2784 519 2863 quietis
546 2796 576 2845 et
598 2783 818 2862 tranquillitatis
844 2783 1035 2860 plenissimus
1061 2788 1125 2847 lore

118 2880 284 2955 videbatur,
299 2881 331 2942 in
352 2903 391 2944 eo
415 2882 561 2943 maximae
585 2885 681 2943 moles
700 2882 903 2945 molestiarum
923 2895 955 2944 et
974 2883 1125 2943 turbulen-

72 2992 104 3045 15
118 2975 252 3038 tissimae
267 2989 461 3058 tempestates
479 2979 653 3040 exstiterunt
661 3001 672 3054 ;
695 2999 794 3056 neque
809 3000 881 3041 vero
897 2979 986 3040 nobis
1004 2981 1125 3058 cupien-

117 3073 200 3135 tibus
217 3086 309 3153 atque
326 3077 669 3158 exoptantibusllructus
687 3076 731 3136 oti
748 3079 837 3137 datus
855 3088 900 3138 est
918 3079 958 3138 ad
975 3098 1025 3138 eas
1042 3078 1122 3152 artis,

116 3170 229 3247 quibus
255 3192 274 3232 a
300 3174 400 3250 pueris
426 3174 523 3236 dediti
546 3175 665 3246 luimus,
689 3175 883 3236 celebrandas
906 3174 1123 3254 internosque

116 3270 300 3330 recolendas
344 3273 425 3331 Nam
451 3271 548 3349 prima
574 3284 672 3333 aetate
696 3271 857 3333 incidimus
884 3270 915 3331 in
939 3271 1035 3349 ipsam
1059 3293 1123 3350 per-
1134 3300 1150 3348 3

116 3365 319 3427 turbationem
337 3367 514 3446 disciplinae
531 3369 647 3443 veteris,
667 3381 697 3430 et
718 3372 875 3431 consulatu
895 3369 1072 3431 devenimus
1089 3371 1121 3432 in

150 3521 273 3572 1121!ss
368 3538 385 3587 5
400 3523 476 3574 sine.
490 3560 498 3573 .
512 3561 518 3573 .
530 3524 584 3573 otio
595 3523 686 3574 ond!
748 3523 982 3588 etuitcummdffi
998 3526 1122 3588 luitquod

115 3586 151 3636 Μ
157 3606 165 3636 z
178 3588 226 3638 suit
239 3589 285 3651 qui
297 3588 338 3639 vel
348 3589 396 3638 fuit
408 3589 512 3651 quidem
529 3606 575 3639 m:
591 3589 640 3638 suit
654 3597 756 3653 tempus
771 3589 834 3639 illud
850 3605 908 3639 cum
925 3590 966 3640 L:
983 3591 1051 3640 idern
1062 3593 1119 3643 add.

114 3652 239 3703 Μίνω
306 3669 339 3704 ιο
354 3656 465 3704 decursi
475 3653 561 3720 vulga
577 3668 655 3706 cursu
671 3653 705 3703 ΙΙ

148 3751 199 3786 cre
213 3752 247 3786 nr
257 3751 336 3788 om.
1012 3741 1033 3790 l
