2648 4216
80 257 122 334 84
133 283 180 336 34¹
474 263 519 323 M.
541 263 671 323 TVLLI
693 262 926 325 CICERONIS

195 440 226 491 et
239 427 372 508 graviora
390 439 421 490 et
439 428 559 491 maioris
578 428 692 507 copiae,
708 430 747 490 de
766 428 876 508 quibus
897 449 989 490 nemo
1009 431 1070 491 fere
1090 429 1203 508 praeci·

195 538 286 606 peret,
301 538 332 588 et
346 528 429 606 quod
444 547 500 588 nos
514 525 737 587 laudationibus
756 526 874 587 nonita
888 529 1016 587 multum
1034 526 1078 587 uti
1095 530 1203 588 solere·

194 644 270 698 mus,
281 635 378 685 totum
389 626 471 684 hune
482 623 674 702 segregabam
688 626 809 698 locum3
830 622 887 702 ipsi
898 623 978 683 enim
989 623 1096 685 Graeci
1107 624 1202 702 magis

194 721 313 799 legendi
328 732 358 783 et
372 721 579 782 delectationis
597 732 650 781 ant
668 719 799 780 hominis
818 720 943 782 alicuius
962 721 1090 782 ornandi
1108 741 1202 799 quam

194 820 328 881 utilitatis
353 819 442 880 buius
467 818 591 880 forensis
616 838 706 879 causa
730 817 918 878 laudationes
942 818 1181 896 scriptitaverunt
1193 837 1230 893 3⁵

194 937 323 996 quorum
337 928 407 977 sunt
420 915 496 990 libri,
508 916 617 993 quibus
628 914 859 989 Themistocles,
869 914 1024 990 Aristides,
1035 914 1203 993 Agesilaus,

195 1014 430 1092 Epaminondas,
448 1013 612 1092 Philippus,
629 1015 800 1074 Alexander
820 1012 931 1089 aliique
952 1015 1110 1074 laudantur
1119 1035 1128 1088 3
1149 1033 1204 1074 no

194 1124 271 1174 strae
285 1112 480 1186 laudationes,
493 1110 604 1189 quibus
618 1110 649 1172 in
664 1113 729 1172 foro
743 1109 862 1184 utimur,
874 1122 926 1171 aut
941 1110 1094 1172 testimoni
1107 1111 1204 1172 brevi-

194 1221 286 1271 tatem
308 1211 422 1270 habent
444 1211 558 1270 nudam
581 1219 672 1288 atque
695 1207 864 1269 inornatam
892 1220 944 1269 aut
968 1208 1137 1270 scribuntur
1160 1209 1203 1270 ad

193 1307 350 1367 funebrem
378 1304 561 1380 contionem,
585 1325 663 1383 quae
690 1306 730 1366 ad
758 1304 900 1366 orationis
927 1308 1049 1368 laudem
1077 1305 1203 1368 minime
1218 1325 1248 1360 10

193 1406 423 1465 accommodata
444 1414 496 1464 est.
541 1405 601 1465 Sed
623 1414 733 1476 tamen,
751 1403 896 1481 quoniam
916 1414 963 1464 est
984 1405 1130 1463 utendum
1151 1403 1203 1463 ali-

194 1503 326 1581 quand0,
337 1521 399 1562 non
408 1520 574 1579 numquam
583 1500 674 1561 etiam
684 1500 887 1575 scribendum,
896 1503 943 1561 vel
954 1511 988 1560 ut
997 1503 1035 1576 Q.
1045 1500 1202 1561 Tuberoni

194 1599 369 1660 Africanum
392 1601 574 1660 avunculum
596 1584 730 1659 laudanti
751 1598 868 1676 scripsit
889 1599 924 1661 C.
948 1598 1076 1672 Laelius,
1099 1600 1146 1659 vel
1167 1611 1201 1658 ut

194 1708 314 1758 nosmet
334 1696 391 1776 ipsi
411 1695 538 1757 ornandi
559 1716 650 1756 causa
671 1698 854 1757 Graecorum
876 1716 966 1770 more,
988 1695 1013 1756 si
1034 1716 1110 1773 quos
1131 1695 1201 1756 veli·

195 1815 271 1870 mus,
294 1797 416 1855 laudare
439 1794 597 1873 possimus,
620 1793 658 1854 sit
681 1814 700 1854 a
723 1793 812 1854 nobis
837 1813 959 1871 quoque
984 1804 1125 1854 tractatus
1149 1793 1200 1853 hic
1215 1811 1247 1861 ¹5

132 1911 181 1963 34²
195 1893 288 1952 locus.
332 1890 527 1969 Perspicuum
542 1902 587 1951 est
601 1890 689 1968 igitur
706 1890 765 1950 alia
783 1910 848 1951 esse
866 1890 897 1950 in
915 1889 1040 1951 homine
1057 1892 1198 1969 optanda,

195 1988 253 2049 alia
266 1991 435 2050 laudanda:
456 2008 559 2066 genus,
570 1990 673 2062 forma,
683 1988 767 2063 vires,
778 2008 860 2065 opes,
870 1987 992 2049 divitiae
1005 1985 1199 2069 cetera[que],

195 2106 273 2164 quae
287 2088 405 2146 fortuna
419 2087 472 2146 dat
485 2097 537 2146 aut
551 2085 733 2146 extrinsecus
747 2097 799 2145 aut
813 2085 938 2164 corpori,
954 2106 1017 2145 non
1036 2086 1149 2146 habent
1169 2084 1200 2145 in

194 2202 227 2244 se
255 2203 354 2244 veram
382 2184 512 2258 laudem,
539 2202 617 2260 quae
644 2182 748 2245 deberi
772 2182 872 2243 virtuti
895 2183 948 2243 uni
975 2194 1114 2261 putatur3
1145 2183 1200 2244 sed

194 2290 304 2354 tamen,
319 2281 403 2358 quod
418 2279 484 2359 ipsa
496 2280 589 2340 virtus
602 2279 635 2340 in
649 2300 751 2340 earum
765 2300 863 2340 rerum
877 2300 934 2339 usu
948 2290 979 2340 et
993 2278 1200 2341 moderatione
1215 2299 1248 2336 ao

194 2378 323 2439 maxime
337 2377 474 2451 cernitur,
485 2379 640 2439 tractanda
653 2376 684 2437 in
699 2377 921 2439 laudationibus
936 2377 1026 2438 etiam
1040 2379 1116 2438 haec
1129 2388 1202 2438 sunt

194 2487 317 2538 naturae
337 2486 368 2536 et
388 2477 525 2537 fortunae
546 2476 646 2550 bona;
669 2474 702 2535 in
722 2474 831 2553 quibus
851 2486 897 2535 est
918 2495 1036 2535 summa
1054 2477 1118 2535 laus
1137 2494 1201 2535 non

193 2575 333 2636 extulisse
347 2594 379 2635 se
396 2574 429 2634 in
447 2583 603 2652 potestate,
620 2592 683 2633 non
702 2572 793 2633 fuisse
812 2571 992 2633 insolentem
1011 2571 1043 2632 in
1062 2571 1199 2651 pecunia,

193 2693 257 2733 non
278 2692 310 2733 se
332 2670 506 2751 praetulisse
530 2671 596 2732 aliis
620 2681 741 2749 propter
762 2670 979 2732 abundantiam
1002 2673 1146 2743 fortunae,
1167 2680 1202 2730 ut

194 2790 267 2848 opes
292 2781 323 2831 et
350 2768 455 2849 copiae
483 2788 546 2830 non
573 2767 731 2846 superbiae
755 2767 912 2831 videantur
935 2788 971 2828 ac
995 2767 1121 2841 libidini,
1146 2768 1201 2828 sed
1217 2788 1247 2837 ²5

194 2867 321 2929 bonitati
349 2887 385 2928 ac
413 2864 612 2928 moderationi
638 2867 810 2927 facultatem
834 2878 865 2926 et
887 2864 1042 2927 materiam
1070 2863 1199 2927 dedisse.

132 2987 180 3038 343
195 2963 296 3024 Virtus
316 2974 426 3038 autem,
445 2983 523 3042 quae
545 2973 591 3023 est
612 2983 666 3041 per
686 2983 719 3022 se
740 2961 805 3040 ipsa
826 2962 983 3024 laudabilis
1004 2974 1034 3023 et
1055 2961 1120 3023 sine
1141 2982 1203 3041 qua

194 3060 268 3121 nihil
287 3061 401 3123 laudari
422 3072 530 3140 potest,
547 3071 648 3120 tamen
667 3061 759 3121 habet
775 3059 868 3138 pluris
886 3060 985 3138 partis,
1002 3080 1129 3137 quarum
1142 3059 1202 3120 alia

193 3171 239 3220 est
261 3161 323 3220 alia
345 3161 384 3221 ad
407 3158 612 3221 laudationem
633 3157 748 3236 aptior,
777 3169 847 3218 sunt
868 3158 950 3219 enim
971 3157 1047 3218 aliae
1067 3157 1198 3232 virtutes,

193 3277 270 3337 quae
285 3257 424 3319 videntur
438 3257 470 3318 in
487 3256 620 3318 moribus
639 3255 798 3318 hominum
813 3268 843 3317 et
858 3258 988 3334 quadam
1006 3255 1148 3316 comitate
1163 3275 1200 3316 ac
1215 3277 1247 3327 30

226 3412 260 3462 Μ
269 3438 289 3455 =
302 3412 386 3463 AEH
483 3429 496 3474 7
515 3412 558 3461 alii
577 3412 621 3474 qui
640 3410 672 3458 M
755 3428 785 3461 12
801 3412 842 3460 vel
858 3418 888 3461 ut
902 3410 1021 3460 Mueller:
1046 3410 1116 3460 velut
1131 3410 1199 3459 oodd.

193 3480 226 3541 Q.
246 3479 369 3543 Verburg:
392 3478 420 3528 P.
437 3476 481 3525 M:
517 3477 608 3526 Publio
622 3477 645 3524 L
796 3493 825 3538 η
844 3486 982 3540 ceteraque
1001 3492 1068 3539 quae
1086 3475 1109 3524 L
1130 3476 1198 3538 vulg.

196 3546 226 3594 18
242 3546 286 3594 dat
297 3545 384 3607 vulga:
401 3545 445 3592 det
458 3541 491 3591 Μ
595 3540 749 3604 corporeM
857 3559 887 3604 19
904 3559 932 3592 se
944 3559 995 3592 om.
1010 3541 1043 3590 Μ
1166 3544 1200 3590 28

193 3607 320 3660 audiriM
383 3623 417 3669 29
433 3609 482 3656 alia
494 3607 555 3656 add.
569 3606 705 3656 Manutius
770 3623 803 3669 30
820 3616 908 3658 etom.
921 3606 954 3656 Μ
