2648 4216
588 283 833 344 PRAEFATIO

209 451 374 510 exscribere
389 449 510 528 placuit.
545 453 669 530 Semper
682 463 783 512 autem
798 451 948 530 religionis
963 471 1028 512 esse
1042 449 1210 529 putavimus

208 559 232 617 si
257 556 330 634 quid
360 567 494 618 recenter
521 579 539 618 a
562 557 631 617 viris
659 557 756 619 doctis
785 559 869 618 nullo
893 557 999 619 codice
1023 556 1211 618 adsentiente

207 675 373 723 correctum
400 673 452 737 est,
478 675 508 724 et
533 663 575 724 rei
600 675 630 724 et
654 663 783 725 auctoris
806 663 992 724 mentionem
1018 666 1122 723 facere.
1165 666 1211 723 Ex

207 769 353 830 erroribus
368 769 509 830 codicum
526 769 698 830 mutilorum
715 769 784 830 satis
800 790 864 831 esse
876 769 1015 831 duximus
1027 791 1079 831 eos
1094 782 1208 831 tantum

151 901 155 912 ·
206 895 442 937 commemorare
457 875 509 954 qui
528 887 579 937 aut
600 875 733 937 indolem
750 876 890 936 codicum
906 875 1049 951 indicant,
1065 888 1117 937 aut
1131 877 1209 938 viam

206 982 372 1059 corrigendi
394 983 505 1044 docent
516 1004 525 1057 3
549 994 579 1044 et
599 1002 755 1061 precamur
776 981 903 1060 nequis
924 983 997 1043 vitio
1020 995 1113 1045 vertat
1132 985 1156 1044 si
1179 985 1210 1045 in

206 1108 237 1148 re
251 1087 363 1150 incerta
377 1109 482 1167 parum
499 1089 587 1151 nobis
602 1087 832 1150 constiterimus.
875 1091 990 1150 Textus
1005 1111 1067 1150 non
1083 1093 1209 1152 multum

205 1196 352 1273 discrepat
367 1196 407 1256 ab
421 1216 458 1256 eo
472 1216 563 1273 quem
585 1217 654 1257 cum
673 1195 752 1256 notis
767 1194 894 1274 Anglice
909 1196 1084 1275 conscriptis
1099 1199 1209 1260 Oxonii

204 1313 274 1362 ante
299 1303 354 1362 hos
377 1322 473 1363 annos
497 1303 666 1377 edidimus3
699 1321 798 1380 neque
823 1303 867 1363 sas
893 1323 958 1363 esse
983 1303 1122 1364 duximus
1147 1325 1208 1366 non

205 1409 311 1468 iterum
334 1407 405 1469 satis
428 1409 584 1487 diligenter
606 1421 636 1471 et
660 1420 773 1471 textum
798 1421 827 1470 et
849 1408 1020 1469 testimonia
1043 1422 1207 1471 retractare.

205 1517 253 1575 De
268 1514 369 1576 formis
388 1516 555 1590 verborum,
572 1517 603 1577 id
624 1519 708 1595 quod
723 1518 882 1578 voluerunt
896 1515 949 1577 viri
971 1516 1136 1578 doctissimi
1157 1517 1208 1595 qui

205 1622 292 1682 Prelo
315 1622 499 1684 Academico
524 1636 673 1702 praesunt,
700 1626 901 1686 Brambachio
925 1626 1003 1685 duce
1026 1627 1071 1684 usi
1095 1645 1206 1696 sumus,

205 1726 260 1788 nisi
282 1731 365 1807 quod
386 1730 542 1792 codicibus
563 1731 737 1794 iubentibus
756 1735 805 1808 oti,
821 1735 927 1811 infieri
944 1744 999 1794 etc.
1019 1733 1189 1810 scripsimus
1200 1755 1208 1806 3

203 1855 262 1912 qua
291 1837 329 1897 de
362 1857 393 1897 re
426 1841 528 1901 nescio
556 1861 595 1901 an
626 1861 687 1901 non
721 1844 922 1913 erraverimus,
953 1841 1098 1901 habemus
1127 1840 1207 1900 enim

204 1942 346 2003 Reidium
376 1958 511 2007 nostrum
543 1950 790 2009 consentientem.
843 1950 983 2025 Denique
1012 1958 1108 2024 grates
1138 1959 1207 2007 sunt

203 2052 336 2126 agendae
360 2071 429 2111 cum
453 2053 613 2130 typothetis
638 2053 855 2128 sollertissimis,
878 2065 942 2114 tum
964 2052 990 2112 ei
1016 2051 1067 2129 qui
1090 2072 1207 2112 summa

202 2153 356 2232 diligentia
372 2158 499 2217 schedas
520 2158 709 2236 corrigendas
729 2160 849 2232 curavit,
866 2170 896 2220 et
915 2160 1025 2220 menda
1043 2178 1106 2218 non
1126 2159 1207 2217 nulla

202 2262 275 2320 dum
290 2261 392 2340 relegit
409 2261 471 2339 ipse
488 2266 614 2325 sustulit.

236 2432 370 2481 Mancum'i
377 2433 544 2481 sm'bebamus

267 2497 305 2548 Id.
320 2497 371 2547 Oct.
386 2513 505 2548 uuccccr.
