<?xml version="1.0" encoding="UTF-8"?>
<!DOCTYPE html PUBLIC "-//W3C//DTD XHTML 1.0 Transitional//EN"
    "http://www.w3.org/TR/xhtml1/DTD/xhtml1-transitional.dtd">
<html xmlns="http://www.w3.org/1999/xhtml" xml:lang="en" lang="en">
 <head>
  <title>
</title>
<meta http-equiv="Content-Type" content="text/html;charset=utf-8" />
  <meta name='ocr-system' content='tesseract 3.04.00' />
  <meta name='ocr-capabilities' content='ocr_page ocr_carea ocr_par ocr_line ocrx_word'/>
</head>
<body>
  <div class='ocr_page' id='page_1' title='image "./mtvlliciceronis01wilkgoog/mtvlliciceronis01wilkgoog_0096.png"; bbox 0 0 2648 4216; ppageno 0'>
   <div class='ocr_carea' id='block_1_1' title="bbox 430 282 1253 367">
    <p class='ocr_par' dir='ltr' id='par_1_1' title="bbox 430 282 1253 367">
     <span class='ocr_line' id='line_1_1' title="bbox 430 282 1253 367; baseline 0.012 -24"><span class='ocrx_word' id='word_1_1' title='bbox 430 318 438 331; x_wconf 56' lang='lat'><strong>·›</strong></span> <span class='ocrx_word' id='word_1_2' title='bbox 474 283 533 344; x_wconf 87' lang='lat' dir='ltr'><strong>DE</strong></span> <span class='ocrx_word' id='word_1_3' title='bbox 554 282 761 347; x_wconf 87' lang='lat' dir='ltr'><strong>ORATORE</strong></span> <span class='ocrx_word' id='word_1_4' title='bbox 803 287 836 347; x_wconf 93' lang='lat'><strong>11</strong></span> <span class='ocrx_word' id='word_1_5' title='bbox 1170 305 1253 367; x_wconf 78' lang='lat'>1041</span> 
     </span>
    </p>
   </div>
   <div class='ocr_carea' id='block_1_2' title="bbox 79 445 1202 3455">
    <p class='ocr_par' dir='ltr' id='par_1_2' title="bbox 148 445 1202 828">
     <span class='ocr_line' id='line_1_2' title="bbox 150 445 1157 528; baseline 0.01 -21"><span class='ocrx_word' id='word_1_6' title='bbox 150 445 262 526; x_wconf 87' lang='lat' dir='ltr'><strong>quibus</strong></span> <span class='ocrx_word' id='word_1_7' title='bbox 282 450 454 528; x_wconf 86' lang='lat' dir='ltr'><strong>eloquentia</strong></span> <span class='ocrx_word' id='word_1_8' title='bbox 472 463 643 525; x_wconf 88' lang='lat' dir='ltr'><strong>versaretur,</strong></span> <span class='ocrx_word' id='word_1_9' title='bbox 660 473 754 514; x_wconf 91' lang='lat' dir='ltr'><strong>unum</strong></span> <span class='ocrx_word' id='word_1_10' title='bbox 775 453 934 528; x_wconf 88' lang='lat' dir='ltr'><strong>infinitum,</strong></span> <span class='ocrx_word' id='word_1_11' title='bbox 951 459 1076 518; x_wconf 88' lang='lat' dir='ltr'><strong>alterum</strong></span> <span class='ocrx_word' id='word_1_12' title='bbox 1097 477 1157 519; x_wconf 26' lang='lat' dir='ltr'><strong>cera</strong></span> 
     </span>
     <span class='ocr_line' id='line_1_3' title="bbox 149 547 1202 632; baseline 0.01 -26"><span class='ocrx_word' id='word_1_13' title='bbox 149 556 223 607; x_wconf 88' lang='lat' dir='ltr'><strong>tum.</strong></span> <span class='ocrx_word' id='word_1_14' title='bbox 269 547 426 609; x_wconf 89' lang='lat' dir='ltr'><strong>Infinitum</strong></span> <span class='ocrx_word' id='word_1_15' title='bbox 450 548 524 609; x_wconf 91' lang='lat' dir='ltr'><strong>mihi</strong></span> <span class='ocrx_word' id='word_1_16' title='bbox 545 548 703 611; x_wconf 88' lang='lat' dir='ltr'><strong>videbatur</strong></span> <span class='ocrx_word' id='word_1_17' title='bbox 724 550 756 612; x_wconf 92' lang='lat' dir='ltr'><strong>id</strong></span> <span class='ocrx_word' id='word_1_18' title='bbox 780 550 888 624; x_wconf 86' lang='lat' dir='ltr'>dicere,</span> <span class='ocrx_word' id='word_1_19' title='bbox 911 552 943 612; x_wconf 92' lang='lat' dir='ltr'><strong>in</strong></span> <span class='ocrx_word' id='word_1_20' title='bbox 964 574 1025 632; x_wconf 94' lang='lat' dir='ltr'><strong>quo</strong></span> <span class='ocrx_word' id='word_1_21' title='bbox 1042 555 1156 632; x_wconf 91' lang='lat' dir='ltr'><strong>aliquid</strong></span> <span class='ocrx_word' id='word_1_22' title='bbox 1170 573 1202 622; x_wconf 82' lang='lat'><strong>4²</strong></span> 
     </span>
     <span class='ocr_line' id='line_1_4' title="bbox 148 643 1157 726; baseline 0.008 -20"><span class='ocrx_word' id='word_1_23' title='bbox 148 643 312 722; x_wconf 85' lang='lat' dir='ltr'><strong>generatim</strong></span> <span class='ocrx_word' id='word_1_24' title='bbox 334 658 531 723; x_wconf 83' lang='lat' dir='ltr'><strong>quaereretur,</strong></span> <span class='ocrx_word' id='word_1_25' title='bbox 554 649 613 707; x_wconf 94' lang='lat' dir='ltr'><strong>hoc</strong></span> <span class='ocrx_word' id='word_1_26' title='bbox 635 650 748 708; x_wconf 91' lang='lat' dir='ltr'><strong>modo:</strong></span> <span class='ocrx_word' id='word_1_27' title='bbox 770 651 978 726; x_wconf 89' lang='lat' dir='ltr'><strong>expetendane</strong></span> <span class='ocrx_word' id='word_1_28' title='bbox 998 663 1077 713; x_wconf 88' lang='lat' dir='ltr'><strong>esset</strong></span> <span class='ocrx_word' id='word_1_29' title='bbox 1097 655 1157 714; x_wconf 79' lang='lat' dir='ltr'><strong>elo</strong></span> 
     </span>
     <span class='ocr_line' id='line_1_5' title="bbox 148 742 1155 828; baseline 0.009 -26"><span class='ocrx_word' id='word_1_30' title='bbox 148 742 295 820; x_wconf 85' lang='lat' dir='ltr'><strong>quentia?</strong></span> <span class='ocrx_word' id='word_1_31' title='bbox 321 744 520 822; x_wconf 90' lang='lat' dir='ltr'><strong>expetendine</strong></span> <span class='ocrx_word' id='word_1_32' title='bbox 548 747 702 806; x_wconf 89' lang='lat' dir='ltr'><strong>honores?</strong></span> <span class='ocrx_word' id='word_1_33' title='bbox 753 747 877 808; x_wconf 90' lang='lat' dir='ltr'><strong>Certum</strong></span> <span class='ocrx_word' id='word_1_34' title='bbox 905 759 1014 821; x_wconf 91' lang='lat' dir='ltr'><strong>autem,</strong></span> <span class='ocrx_word' id='word_1_35' title='bbox 1038 749 1069 810; x_wconf 92' lang='lat' dir='ltr'><strong>in</strong></span> <span class='ocrx_word' id='word_1_36' title='bbox 1094 770 1155 828; x_wconf 94' lang='lat' dir='ltr'><strong>quo</strong></span> 
     </span>
    </p>

    <p class='ocr_par' dir='ltr' id='par_1_3' title="bbox 117 839 1200 1314">
     <span class='ocr_line' id='line_1_6' title="bbox 117 839 1155 923; baseline 0.008 -24"><span class='ocrx_word' id='word_1_37' title='bbox 117 860 131 908; x_wconf 76' lang='lat'><strong>5</strong></span> <span class='ocrx_word' id='word_1_38' title='bbox 147 839 222 916; x_wconf 93' lang='lat' dir='ltr'><strong>quid</strong></span> <span class='ocrx_word' id='word_1_39' title='bbox 241 839 272 900; x_wconf 92' lang='lat' dir='ltr'><strong>in</strong></span> <span class='ocrx_word' id='word_1_40' title='bbox 288 840 423 919; x_wconf 90' lang='lat' dir='ltr'><strong>personis</strong></span> <span class='ocrx_word' id='word_1_41' title='bbox 437 853 468 902; x_wconf 93' lang='lat' dir='ltr'><strong>et</strong></span> <span class='ocrx_word' id='word_1_42' title='bbox 481 841 513 901; x_wconf 92' lang='lat' dir='ltr'><strong>in</strong></span> <span class='ocrx_word' id='word_1_43' title='bbox 528 843 690 903; x_wconf 88' lang='lat' dir='ltr'><strong>constituta</strong></span> <span class='ocrx_word' id='word_1_44' title='bbox 707 864 738 904; x_wconf 90' lang='lat' dir='ltr'><strong>re</strong></span> <span class='ocrx_word' id='word_1_45' title='bbox 755 855 786 904; x_wconf 92' lang='lat' dir='ltr'><strong>et</strong></span> <span class='ocrx_word' id='word_1_46' title='bbox 803 845 928 905; x_wconf 88' lang='lat' dir='ltr'><strong>definita</strong></span> <span class='ocrx_word' id='word_1_47' title='bbox 947 859 1155 923; x_wconf 81' lang='lat' dir='ltr'><strong>quaereretur3</strong></span> 
     </span>
     <span class='ocr_line' id='line_1_7' title="bbox 145 937 1155 1018; baseline 0.01 -22"><span class='ocrx_word' id='word_1_48' title='bbox 145 937 231 998; x_wconf 92' lang='lat' dir='ltr'><strong>cuius</strong></span> <span class='ocrx_word' id='word_1_49' title='bbox 252 937 336 999; x_wconf 91' lang='lat' dir='ltr'><strong>modi</strong></span> <span class='ocrx_word' id='word_1_50' title='bbox 357 949 434 1012; x_wconf 89' lang='lat' dir='ltr'><strong>sunt,</strong></span> <span class='ocrx_word' id='word_1_51' title='bbox 451 959 529 1016; x_wconf 86' lang='lat' dir='ltr'><strong>quae</strong></span> <span class='ocrx_word' id='word_1_52' title='bbox 549 938 581 999; x_wconf 90' lang='lat' dir='ltr'><strong>in</strong></span> <span class='ocrx_word' id='word_1_53' title='bbox 602 942 667 1002; x_wconf 81' lang='lat' dir='ltr'><strong>foro</strong></span> <span class='ocrx_word' id='word_1_54' title='bbox 687 952 778 1018; x_wconf 88' lang='lat' dir='ltr'><strong>atque</strong></span> <span class='ocrx_word' id='word_1_55' title='bbox 800 941 830 1000; x_wconf 91' lang='lat' dir='ltr'><strong>in</strong></span> <span class='ocrx_word' id='word_1_56' title='bbox 848 941 957 1002; x_wconf 89' lang='lat' dir='ltr'><strong>civium</strong></span> <span class='ocrx_word' id='word_1_57' title='bbox 979 944 1076 1006; x_wconf 85' lang='lat' dir='ltr'><strong>causis</strong></span> <span class='ocrx_word' id='word_1_58' title='bbox 1097 945 1155 1006; x_wconf 78' lang='lat' dir='ltr'><strong>dis</strong></span> 
     </span>
     <span class='ocr_line' id='line_1_8' title="bbox 145 1033 1200 1113; baseline 0.009 -19"><span class='ocrx_word' id='word_1_59' title='bbox 145 1033 425 1113; x_wconf 89' lang='lat' dir='ltr'><strong>ceptationibusque</strong></span> <span class='ocrx_word' id='word_1_60' title='bbox 446 1048 606 1097; x_wconf 86' lang='lat' dir='ltr'><strong>versantur.</strong></span> <span class='ocrx_word' id='word_1_61' title='bbox 652 1040 697 1098; x_wconf 84' lang='lat' dir='ltr'><strong>Ea</strong></span> <span class='ocrx_word' id='word_1_62' title='bbox 717 1038 792 1098; x_wconf 89' lang='lat' dir='ltr'><strong>mihi</strong></span> <span class='ocrx_word' id='word_1_63' title='bbox 814 1038 953 1100; x_wconf 89' lang='lat' dir='ltr'><strong>videntur</strong></span> <span class='ocrx_word' id='word_1_64' title='bbox 974 1052 1025 1101; x_wconf 91' lang='lat' dir='ltr'><strong>aut</strong></span> <span class='ocrx_word' id='word_1_65' title='bbox 1048 1041 1079 1100; x_wconf 90' lang='lat' dir='ltr'><strong>in</strong></span> <span class='ocrx_word' id='word_1_66' title='bbox 1101 1042 1153 1103; x_wconf 90' lang='lat' dir='ltr'><strong>lite</strong></span> <span class='ocrx_word' id='word_1_67' title='bbox 1166 1053 1200 1103; x_wconf 84' lang='grc'><strong>43</strong></span> 
     </span>
     <span class='ocr_line' id='line_1_9' title="bbox 144 1132 1150 1216; baseline 0.007 -24"><span class='ocrx_word' id='word_1_68' title='bbox 144 1134 258 1193; x_wconf 82' lang='lat' dir='ltr'><strong>oranda</strong></span> <span class='ocrx_word' id='word_1_69' title='bbox 271 1143 323 1194; x_wconf 92' lang='lat' dir='ltr'><strong>aut</strong></span> <span class='ocrx_word' id='word_1_70' title='bbox 336 1132 368 1192; x_wconf 92' lang='lat' dir='ltr'><strong>in</strong></span> <span class='ocrx_word' id='word_1_71' title='bbox 377 1132 503 1193; x_wconf 91' lang='lat' dir='ltr'><strong>consilio</strong></span> <span class='ocrx_word' id='word_1_72' title='bbox 517 1135 621 1195; x_wconf 91' lang='lat' dir='ltr'><strong>dando</strong></span> <span class='ocrx_word' id='word_1_73' title='bbox 635 1155 700 1196; x_wconf 93' lang='lat' dir='ltr'><strong>esse</strong></span> <span class='ocrx_word' id='word_1_74' title='bbox 709 1135 807 1214; x_wconf 89' lang='lat' dir='ltr'><strong>posita</strong></span> <span class='ocrx_word' id='word_1_75' title='bbox 819 1158 827 1210; x_wconf 85' lang='lat'>;</span> <span class='ocrx_word' id='word_1_76' title='bbox 849 1157 918 1196; x_wconf 88' lang='lat' dir='ltr'><strong>nam</strong></span> <span class='ocrx_word' id='word_1_77' title='bbox 934 1137 1008 1199; x_wconf 94' lang='lat' dir='ltr'><strong>illud</strong></span> <span class='ocrx_word' id='word_1_78' title='bbox 1023 1138 1150 1216; x_wconf 90' lang='lat' dir='ltr'><strong>tertium,</strong></span> 
     </span>
     <span class='ocr_line' id='line_1_10' title="bbox 142 1230 1152 1314; baseline 0.007 -25"><span class='ocrx_word' id='word_1_79' title='bbox 142 1230 227 1307; x_wconf 93' lang='lat' dir='ltr'><strong>quod</strong></span> <span class='ocrx_word' id='word_1_80' title='bbox 243 1240 275 1290; x_wconf 92' lang='lat' dir='ltr'><strong>et</strong></span> <span class='ocrx_word' id='word_1_81' title='bbox 290 1249 308 1290; x_wconf 99' lang='lat' dir='ltr'><strong>a</strong></span> <span class='ocrx_word' id='word_1_82' title='bbox 322 1231 432 1292; x_wconf 81' lang='lat' dir='ltr'><strong>Crasso</strong></span> <span class='ocrx_word' id='word_1_83' title='bbox 449 1242 562 1292; x_wconf 89' lang='lat' dir='ltr'><strong>tactum</strong></span> <span class='ocrx_word' id='word_1_84' title='bbox 582 1244 627 1292; x_wconf 93' lang='lat' dir='ltr'><strong>est</strong></span> <span class='ocrx_word' id='word_1_85' title='bbox 644 1241 682 1304; x_wconf 85' lang='lat' dir='ltr'><strong>et,</strong></span> <span class='ocrx_word' id='word_1_86' title='bbox 699 1243 732 1291; x_wconf 94' lang='lat' dir='ltr'><strong>ut</strong></span> <span class='ocrx_word' id='word_1_87' title='bbox 750 1232 850 1305; x_wconf 88' lang='lat' dir='ltr'><strong>audio,</strong></span> <span class='ocrx_word' id='word_1_88' title='bbox 868 1230 942 1314; x_wconf 82' lang='lat' dir='ltr'><strong>[ille]</strong></span> <span class='ocrx_word' id='word_1_89' title='bbox 961 1233 1024 1312; x_wconf 90' lang='lat' dir='ltr'><strong>ipse</strong></span> <span class='ocrx_word' id='word_1_90' title='bbox 1041 1235 1152 1297; x_wconf 77' lang='lat' dir='ltr'><strong>Aristo</strong></span> 
     </span>
    </p>

    <p class='ocr_par' dir='ltr' id='par_1_4' title="bbox 98 1325 1193 1798">
     <span class='ocr_line' id='line_1_11' title="bbox 98 1325 1150 1411; baseline 0.009 -26"><span class='ocrx_word' id='word_1_91' title='bbox 98 1348 129 1385; x_wconf 82' lang='grc' dir='ltr'><strong>ιο</strong></span> <span class='ocrx_word' id='word_1_92' title='bbox 143 1328 224 1399; x_wconf 89' lang='lat' dir='ltr'><strong>teles,</strong></span> <span class='ocrx_word' id='word_1_93' title='bbox 241 1325 293 1404; x_wconf 90' lang='lat' dir='ltr'><strong>qui</strong></span> <span class='ocrx_word' id='word_1_94' title='bbox 311 1328 387 1388; x_wconf 87' lang='lat' dir='ltr'><strong>haec</strong></span> <span class='ocrx_word' id='word_1_95' title='bbox 410 1327 540 1389; x_wconf 86' lang='lat' dir='ltr'><strong>maxime</strong></span> <span class='ocrx_word' id='word_1_96' title='bbox 564 1327 738 1401; x_wconf 80' lang='lat' dir='ltr'><strong>inlustravit,</strong></span> <span class='ocrx_word' id='word_1_97' title='bbox 756 1329 900 1402; x_wconf 88' lang='lat' dir='ltr'><strong>adiunxit,</strong></span> <span class='ocrx_word' id='word_1_98' title='bbox 917 1330 1006 1391; x_wconf 89' lang='lat' dir='ltr'><strong>etiam</strong></span> <span class='ocrx_word' id='word_1_99' title='bbox 1028 1332 1053 1392; x_wconf 91' lang='lat' dir='ltr'><strong>si</strong></span> <span class='ocrx_word' id='word_1_100' title='bbox 1074 1352 1150 1411; x_wconf 90' lang='lat' dir='ltr'><strong>opus</strong></span> 
     </span>
     <span class='ocr_line' id='line_1_12' title="bbox 142 1423 1150 1509; baseline 0.009 -26"><span class='ocrx_word' id='word_1_101' title='bbox 142 1435 196 1498; x_wconf 90' lang='lat' dir='ltr'><strong>est,</strong></span> <span class='ocrx_word' id='word_1_102' title='bbox 225 1423 325 1485; x_wconf 91' lang='lat' dir='ltr'><strong>minus</strong></span> <span class='ocrx_word' id='word_1_103' title='bbox 349 1436 394 1485; x_wconf 89' lang='lat' dir='ltr'><strong>est</strong></span> <span class='ocrx_word' id='word_1_104' title='bbox 418 1437 519 1486; x_wconf 87' lang='lat' dir='ltr'><strong>tamen</strong></span> <span class='ocrx_word' id='word_1_105' title='bbox 548 1426 767 1487; x_wconf 68' lang='lat' dir='ltr'><strong>necessarium!</strong></span> <span class='ocrx_word' id='word_1_106' title='bbox 812 1427 1021 1502; x_wconf 74' lang='lat' dir='ltr'><strong>‘Quidnami&#39;</strong></span> <span class='ocrx_word' id='word_1_107' title='bbox 1052 1430 1150 1509; x_wconf 90' lang='lat' dir='ltr'><strong>inquit</strong></span> 
     </span>
     <span class='ocr_line' id='line_1_13' title="bbox 142 1522 1149 1604; baseline 0.008 -21"><span class='ocrx_word' id='word_1_108' title='bbox 142 1522 286 1596; x_wconf 79' lang='lat' dir='ltr'><strong>Catulus3</strong></span> <span class='ocrx_word' id='word_1_109' title='bbox 309 1527 367 1582; x_wconf 86' lang='lat' dir='ltr'><strong>‘an</strong></span> <span class='ocrx_word' id='word_1_110' title='bbox 385 1523 597 1585; x_wconf 85' lang='lat' dir='ltr'><strong>laudationes?</strong></span> <span class='ocrx_word' id='word_1_111' title='bbox 639 1526 677 1584; x_wconf 94' lang='lat' dir='ltr'><strong>Id</strong></span> <span class='ocrx_word' id='word_1_112' title='bbox 696 1524 777 1585; x_wconf 89' lang='lat' dir='ltr'><strong>enim</strong></span> <span class='ocrx_word' id='word_1_113' title='bbox 792 1524 881 1586; x_wconf 87' lang='lat' dir='ltr'><strong>video</strong></span> <span class='ocrx_word' id='word_1_114' title='bbox 895 1527 968 1603; x_wconf 92' lang='lat' dir='ltr'><strong>poni</strong></span> <span class='ocrx_word' id='word_1_115' title='bbox 986 1546 1080 1604; x_wconf 86' lang='lat' dir='ltr'><strong>genus</strong></span> <span class='ocrx_word' id='word_1_116' title='bbox 1095 1541 1149 1591; x_wconf 89' lang='lat' dir='ltr'><strong>ter-</strong></span> 
     </span>
     <span class='ocr_line' id='line_1_14' title="bbox 140 1601 1190 1700; baseline 0.01 -22"><span class='ocrx_word' id='word_1_117' title='bbox 140 1617 235 1679; x_wconf 73' lang='lat' dir='ltr'><strong>tium!</strong></span> <span class='ocrx_word' id='word_1_118' title='bbox 278 1621 362 1692; x_wconf 86' lang='lat' dir='ltr'><strong>‘Ita‚’</strong></span> <span class='ocrx_word' id='word_1_119' title='bbox 376 1620 474 1698; x_wconf 90' lang='lat' dir='ltr'><strong>inquit</strong></span> <span class='ocrx_word' id='word_1_120' title='bbox 487 1620 639 1682; x_wconf 89' lang='lat' dir='ltr'><strong>Antonius</strong></span> <span class='ocrx_word' id='word_1_121' title='bbox 660 1627 707 1682; x_wconf 92' lang='lat' dir='ltr'><strong>‘et</strong></span> <span class='ocrx_word' id='word_1_122' title='bbox 723 1622 755 1681; x_wconf 95' lang='lat' dir='ltr'><strong>in</strong></span> <span class='ocrx_word' id='word_1_123' title='bbox 773 1641 810 1682; x_wconf 87' lang='lat' dir='ltr'><strong>eo</strong></span> <span class='ocrx_word' id='word_1_124' title='bbox 824 1621 948 1700; x_wconf 92' lang='lat' dir='ltr'><strong>quidem</strong></span> <span class='ocrx_word' id='word_1_125' title='bbox 962 1643 1071 1700; x_wconf 87' lang='lat' dir='ltr'><strong>genere</strong></span> <span class='ocrx_word' id='word_1_126' title='bbox 1084 1627 1148 1688; x_wconf 89' lang='lat' dir='ltr'><strong>scio</strong></span> <span class='ocrx_word' id='word_1_127' title='bbox 1161 1601 1190 1644; x_wconf 67' lang='grc' dir='ltr'><strong>Π</strong></span> 
     </span>
     <span class='ocr_line' id='line_1_15' title="bbox 140 1695 1193 1798; baseline 0.009 -22"><span class='ocrx_word' id='word_1_128' title='bbox 140 1727 171 1776; x_wconf 94' lang='lat' dir='ltr'><strong>et</strong></span> <span class='ocrx_word' id='word_1_129' title='bbox 190 1737 239 1778; x_wconf 90' lang='lat' dir='ltr'><strong>me</strong></span> <span class='ocrx_word' id='word_1_130' title='bbox 257 1728 289 1778; x_wconf 90' lang='lat' dir='ltr'><strong>et</strong></span> <span class='ocrx_word' id='word_1_131' title='bbox 307 1717 413 1791; x_wconf 91' lang='lat' dir='ltr'><strong>omnis,</strong></span> <span class='ocrx_word' id='word_1_132' title='bbox 429 1719 481 1796; x_wconf 94' lang='lat' dir='ltr'><strong>qui</strong></span> <span class='ocrx_word' id='word_1_133' title='bbox 500 1720 667 1792; x_wconf 81' lang='lat' dir='ltr'><strong>adfuerunt,</strong></span> <span class='ocrx_word' id='word_1_134' title='bbox 684 1721 848 1781; x_wconf 88' lang='lat' dir='ltr'><strong>delectatos</strong></span> <span class='ocrx_word' id='word_1_135' title='bbox 867 1741 932 1781; x_wconf 89' lang='lat' dir='ltr'><strong>esse</strong></span> <span class='ocrx_word' id='word_1_136' title='bbox 946 1722 1145 1798; x_wconf 87' lang='lat' dir='ltr'><strong>vehementer,</strong></span> <span class='ocrx_word' id='word_1_137' title='bbox 1161 1695 1193 1742; x_wconf 81' lang='lat'><strong>44</strong></span> 
     </span>
    </p>

    <p class='ocr_par' dir='ltr' id='par_1_5' title="bbox 95 1816 1189 2289">
     <span class='ocr_line' id='line_1_16' title="bbox 95 1816 1146 1898; baseline 0.011 -29"><span class='ocrx_word' id='word_1_138' title='bbox 95 1833 126 1884; x_wconf 85' lang='lat'><strong>15</strong></span> <span class='ocrx_word' id='word_1_139' title='bbox 139 1833 209 1874; x_wconf 89' lang='lat' dir='ltr'><strong>curn</strong></span> <span class='ocrx_word' id='word_1_140' title='bbox 234 1835 253 1876; x_wconf 92' lang='lat' dir='ltr'><strong>a</strong></span> <span class='ocrx_word' id='word_1_141' title='bbox 274 1826 305 1876; x_wconf 91' lang='lat' dir='ltr'><strong>te</strong></span> <span class='ocrx_word' id='word_1_142' title='bbox 328 1827 375 1877; x_wconf 88' lang='lat' dir='ltr'><strong>est</strong></span> <span class='ocrx_word' id='word_1_143' title='bbox 399 1816 523 1894; x_wconf 87' lang='lat' dir='ltr'><strong>Popilia,</strong></span> <span class='ocrx_word' id='word_1_144' title='bbox 550 1829 645 1878; x_wconf 92' lang='lat' dir='ltr'><strong>mater</strong></span> <span class='ocrx_word' id='word_1_145' title='bbox 666 1829 771 1891; x_wconf 83' lang='lat' dir='ltr'><strong>vestra,</strong></span> <span class='ocrx_word' id='word_1_146' title='bbox 794 1819 922 1890; x_wconf 66' lang='lat' dir='ltr'><strong>laudata,</strong></span> <span class='ocrx_word' id='word_1_147' title='bbox 945 1818 994 1879; x_wconf 91' lang='lat' dir='ltr'><strong>cui</strong></span> <span class='ocrx_word' id='word_1_148' title='bbox 1017 1819 1146 1898; x_wconf 90' lang='lat' dir='ltr'><strong>primum</strong></span> 
     </span>
     <span class='ocr_line' id='line_1_17' title="bbox 138 1911 1143 1996; baseline 0.008 -25"><span class='ocrx_word' id='word_1_149' title='bbox 138 1911 256 1973; x_wconf 89' lang='lat' dir='ltr'><strong>mulieri</strong></span> <span class='ocrx_word' id='word_1_150' title='bbox 284 1915 365 1974; x_wconf 89' lang='lat' dir='ltr'><strong>hunc</strong></span> <span class='ocrx_word' id='word_1_151' title='bbox 392 1915 539 1975; x_wconf 89' lang='lat' dir='ltr'><strong>honorem</strong></span> <span class='ocrx_word' id='word_1_152' title='bbox 564 1913 595 1974; x_wconf 91' lang='lat' dir='ltr'><strong>in</strong></span> <span class='ocrx_word' id='word_1_153' title='bbox 621 1926 722 1975; x_wconf 90' lang='lat' dir='ltr'><strong>nostra</strong></span> <span class='ocrx_word' id='word_1_154' title='bbox 747 1914 866 1976; x_wconf 90' lang='lat' dir='ltr'><strong>civitate</strong></span> <span class='ocrx_word' id='word_1_155' title='bbox 890 1915 1036 1977; x_wconf 90' lang='lat' dir='ltr'><strong>tributum</strong></span> <span class='ocrx_word' id='word_1_156' title='bbox 1061 1930 1143 1996; x_wconf 91' lang='lat' dir='ltr'><strong>puto.</strong></span> 
     </span>
     <span class='ocr_line' id='line_1_18' title="bbox 131 2010 1144 2090; baseline 0.007 -19"><span class='ocrx_word' id='word_1_157' title='bbox 131 2011 198 2071; x_wconf 80' lang='lat' dir='ltr'><strong>Sed</strong></span> <span class='ocrx_word' id='word_1_158' title='bbox 219 2030 282 2071; x_wconf 91' lang='lat' dir='ltr'><strong>non</strong></span> <span class='ocrx_word' id='word_1_159' title='bbox 303 2010 413 2085; x_wconf 88' lang='lat' dir='ltr'><strong>omnia,</strong></span> <span class='ocrx_word' id='word_1_160' title='bbox 437 2030 647 2090; x_wconf 90' lang='lat' dir='ltr'><strong>quaecumque</strong></span> <span class='ocrx_word' id='word_1_161' title='bbox 668 2012 827 2090; x_wconf 88' lang='lat' dir='ltr'><strong>loquimur,</strong></span> <span class='ocrx_word' id='word_1_162' title='bbox 851 2012 925 2073; x_wconf 93' lang='lat' dir='ltr'><strong>mihi</strong></span> <span class='ocrx_word' id='word_1_163' title='bbox 946 2013 1084 2076; x_wconf 92' lang='lat' dir='ltr'><strong>videntur</strong></span> <span class='ocrx_word' id='word_1_164' title='bbox 1104 2018 1144 2078; x_wconf 93' lang='lat' dir='ltr'><strong>ad</strong></span> 
     </span>
     <span class='ocr_line' id='line_1_19' title="bbox 135 2109 1189 2188; baseline 0.008 -21"><span class='ocrx_word' id='word_1_165' title='bbox 135 2118 230 2168; x_wconf 85' lang='lat' dir='ltr'><strong>artem</strong></span> <span class='ocrx_word' id='word_1_166' title='bbox 251 2119 281 2168; x_wconf 92' lang='lat' dir='ltr'><strong>et</strong></span> <span class='ocrx_word' id='word_1_167' title='bbox 301 2109 341 2169; x_wconf 87' lang='lat' dir='ltr'><strong>ad</strong></span> <span class='ocrx_word' id='word_1_168' title='bbox 362 2120 521 2188; x_wconf 88' lang='lat' dir='ltr'><strong>praecepta</strong></span> <span class='ocrx_word' id='word_1_169' title='bbox 541 2129 607 2170; x_wconf 93' lang='lat' dir='ltr'><strong>esse</strong></span> <span class='ocrx_word' id='word_1_170' title='bbox 627 2112 795 2173; x_wconf 87' lang='lat' dir='ltr'><strong>revocanda</strong></span> <span class='ocrx_word' id='word_1_171' title='bbox 806 2132 815 2184; x_wconf 89' lang='lat'>;</span> <span class='ocrx_word' id='word_1_172' title='bbox 835 2131 872 2171; x_wconf 88' lang='lat' dir='ltr'><strong>ex</strong></span> <span class='ocrx_word' id='word_1_173' title='bbox 892 2110 936 2171; x_wconf 90' lang='lat' dir='ltr'><strong>eis</strong></span> <span class='ocrx_word' id='word_1_174' title='bbox 957 2111 1037 2172; x_wconf 89' lang='lat' dir='ltr'><strong>enim</strong></span> <span class='ocrx_word' id='word_1_175' title='bbox 1057 2113 1144 2174; x_wconf 85' lang='lat' dir='ltr'><strong>sonti·</strong></span> <span class='ocrx_word' id='word_1_176' title='bbox 1156 2124 1189 2175; x_wconf 81' lang='lat'><strong>4⁵</strong></span> 
     </span>
     <span class='ocr_line' id='line_1_20' title="bbox 135 2202 1143 2289; baseline 0.005 -24"><span class='ocrx_word' id='word_1_177' title='bbox 135 2204 200 2277; x_wconf 91' lang='lat' dir='ltr'><strong>bus,</strong></span> <span class='ocrx_word' id='word_1_178' title='bbox 216 2206 299 2266; x_wconf 89' lang='lat' dir='ltr'><strong>unde</strong></span> <span class='ocrx_word' id='word_1_179' title='bbox 314 2202 378 2287; x_wconf 88' lang='lat' dir='ltr'><strong>[ad]</strong></span> <span class='ocrx_word' id='word_1_180' title='bbox 390 2205 493 2266; x_wconf 89' lang='lat' dir='ltr'><strong>omnia</strong></span> <span class='ocrx_word' id='word_1_181' title='bbox 507 2218 682 2266; x_wconf 89' lang='lat' dir='ltr'><strong>ornamenta</strong></span> <span class='ocrx_word' id='word_1_182' title='bbox 696 2206 817 2267; x_wconf 91' lang='lat' dir='ltr'><strong>dicendi</strong></span> <span class='ocrx_word' id='word_1_183' title='bbox 830 2204 1013 2289; x_wconf 83' lang='lat' dir='ltr'><strong>[praecepta]</strong></span> <span class='ocrx_word' id='word_1_184' title='bbox 1023 2229 1143 2270; x_wconf 90' lang='lat' dir='ltr'><strong>sumun-</strong></span> 
     </span>
    </p>

    <p class='ocr_par' dir='ltr' id='par_1_6' title="bbox 90 2302 1142 2773">
     <span class='ocr_line' id='line_1_21' title="bbox 90 2302 1142 2382; baseline 0.01 -24"><span class='ocrx_word' id='word_1_185' title='bbox 90 2322 122 2358; x_wconf 66' lang='grc' dir='ltr'><strong>ιο</strong></span> <span class='ocrx_word' id='word_1_186' title='bbox 135 2311 189 2374; x_wconf 92' lang='lat' dir='ltr'><strong>tur,</strong></span> <span class='ocrx_word' id='word_1_187' title='bbox 209 2302 311 2364; x_wconf 91' lang='lat' dir='ltr'><strong>licebit</strong></span> <span class='ocrx_word' id='word_1_188' title='bbox 333 2302 424 2364; x_wconf 89' lang='lat' dir='ltr'><strong>etiam</strong></span> <span class='ocrx_word' id='word_1_189' title='bbox 445 2303 649 2365; x_wconf 86' lang='lat' dir='ltr'><strong>laudationem</strong></span> <span class='ocrx_word' id='word_1_190' title='bbox 671 2324 776 2364; x_wconf 92' lang='lat' dir='ltr'><strong>ornare</strong></span> <span class='ocrx_word' id='word_1_191' title='bbox 798 2324 898 2382; x_wconf 90' lang='lat' dir='ltr'><strong>neque</strong></span> <span class='ocrx_word' id='word_1_192' title='bbox 920 2305 970 2365; x_wconf 91' lang='lat' dir='ltr'><strong>illa</strong></span> <span class='ocrx_word' id='word_1_193' title='bbox 994 2309 1142 2368; x_wconf 88' lang='lat' dir='ltr'><strong>elementa</strong></span> 
     </span>
     <span class='ocr_line' id='line_1_22' title="bbox 133 2399 1141 2482; baseline 0.008 -23"><span class='ocrx_word' id='word_1_194' title='bbox 133 2399 310 2473; x_wconf 89' lang='lat' dir='ltr'><strong>desiderare,</strong></span> <span class='ocrx_word' id='word_1_195' title='bbox 323 2421 401 2479; x_wconf 88' lang='lat' dir='ltr'><strong>quae</strong></span> <span class='ocrx_word' id='word_1_196' title='bbox 420 2413 454 2462; x_wconf 91' lang='lat' dir='ltr'><strong>ut</strong></span> <span class='ocrx_word' id='word_1_197' title='bbox 468 2422 560 2462; x_wconf 91' lang='lat' dir='ltr'><strong>nemo</strong></span> <span class='ocrx_word' id='word_1_198' title='bbox 581 2403 687 2475; x_wconf 88' lang='lat' dir='ltr'><strong>tradat,</strong></span> <span class='ocrx_word' id='word_1_199' title='bbox 705 2400 771 2479; x_wconf 92' lang='lat' dir='ltr'><strong>quis</strong></span> <span class='ocrx_word' id='word_1_200' title='bbox 791 2413 836 2462; x_wconf 92' lang='lat' dir='ltr'><strong>est</strong></span> <span class='ocrx_word' id='word_1_201' title='bbox 854 2401 906 2480; x_wconf 94' lang='lat' dir='ltr'><strong>qui</strong></span> <span class='ocrx_word' id='word_1_202' title='bbox 926 2402 1047 2476; x_wconf 88' lang='lat' dir='ltr'><strong>nesciat,</strong></span> <span class='ocrx_word' id='word_1_203' title='bbox 1064 2425 1141 2482; x_wconf 92' lang='lat' dir='ltr'><strong>quae</strong></span> 
     </span>
     <span class='ocr_line' id='line_1_23' title="bbox 132 2495 1140 2580; baseline 0.009 -25"><span class='ocrx_word' id='word_1_204' title='bbox 132 2495 193 2556; x_wconf 91' lang='lat' dir='ltr'><strong>sint</strong></span> <span class='ocrx_word' id='word_1_205' title='bbox 220 2496 252 2557; x_wconf 91' lang='lat' dir='ltr'><strong>in</strong></span> <span class='ocrx_word' id='word_1_206' title='bbox 279 2498 404 2560; x_wconf 90' lang='lat' dir='ltr'><strong>homine</strong></span> <span class='ocrx_word' id='word_1_207' title='bbox 426 2501 600 2561; x_wconf 87' lang='lat' dir='ltr'><strong>laudanda?</strong></span> <span class='ocrx_word' id='word_1_208' title='bbox 641 2498 750 2560; x_wconf 92' lang='lat' dir='ltr'><strong>Positis</strong></span> <span class='ocrx_word' id='word_1_209' title='bbox 773 2498 853 2560; x_wconf 89' lang='lat' dir='ltr'><strong>enim</strong></span> <span class='ocrx_word' id='word_1_210' title='bbox 878 2499 921 2560; x_wconf 91' lang='lat' dir='ltr'><strong>eis</strong></span> <span class='ocrx_word' id='word_1_211' title='bbox 945 2501 1041 2574; x_wconf 89' lang='lat' dir='ltr'><strong>rebus,</strong></span> <span class='ocrx_word' id='word_1_212' title='bbox 1066 2523 1140 2580; x_wconf 85' lang='lat' dir='ltr'><strong>quas</strong></span> 
     </span>
     <span class='ocr_line' id='line_1_24' title="bbox 128 2595 1140 2674; baseline 0.006 -19"><span class='ocrx_word' id='word_1_213' title='bbox 128 2595 258 2656; x_wconf 49' lang='lat' dir='ltr'><strong>¹Crassus</strong></span> <span class='ocrx_word' id='word_1_214' title='bbox 268 2595 300 2656; x_wconf 90' lang='lat' dir='ltr'><strong>in</strong></span> <span class='ocrx_word' id='word_1_215' title='bbox 314 2596 393 2657; x_wconf 92' lang='lat' dir='ltr'><strong>illius</strong></span> <span class='ocrx_word' id='word_1_216' title='bbox 404 2596 547 2658; x_wconf 91' lang='lat' dir='ltr'><strong>orationis</strong></span> <span class='ocrx_word' id='word_1_217' title='bbox 556 2617 635 2671; x_wconf 92' lang='lat' dir='ltr'><strong>suae,</strong></span> <span class='ocrx_word' id='word_1_218' title='bbox 646 2617 736 2674; x_wconf 92' lang='lat' dir='ltr'><strong>quam</strong></span> <span class='ocrx_word' id='word_1_219' title='bbox 752 2608 856 2658; x_wconf 91' lang='lat' dir='ltr'><strong>contra</strong></span> <span class='ocrx_word' id='word_1_220' title='bbox 866 2599 1022 2674; x_wconf 84' lang='lat' dir='ltr'><strong>conlegam</strong></span> <span class='ocrx_word' id='word_1_221' title='bbox 1034 2619 1140 2661; x_wconf 89' lang='lat' dir='ltr'><strong>censor</strong></span> 
     </span>
     <span class='ocr_line' id='line_1_25' title="bbox 129 2692 1139 2773; baseline 0.006 -22"><span class='ocrx_word' id='word_1_222' title='bbox 129 2692 245 2766; x_wconf 62' lang='lat' dir='ltr'><strong>habuit,</strong></span> <span class='ocrx_word' id='word_1_223' title='bbox 271 2693 419 2773; x_wconf 91' lang='lat' dir='ltr'><strong>principio</strong></span> <span class='ocrx_word' id='word_1_224' title='bbox 441 2694 534 2756; x_wconf 86' lang='lat' dir='ltr'><strong>dixit:</strong></span> <span class='ocrx_word' id='word_1_225' title='bbox 555 2715 633 2772; x_wconf 89' lang='lat' dir='ltr'><strong>quae</strong></span> <span class='ocrx_word' id='word_1_226' title='bbox 657 2706 763 2755; x_wconf 92' lang='lat' dir='ltr'><strong>natura</strong></span> <span class='ocrx_word' id='word_1_227' title='bbox 783 2705 836 2754; x_wconf 84' lang='lat' dir='ltr'><strong>aut</strong></span> <span class='ocrx_word' id='word_1_228' title='bbox 857 2696 976 2754; x_wconf 80' lang='lat' dir='ltr'><strong>fortuna</strong></span> <span class='ocrx_word' id='word_1_229' title='bbox 998 2697 1139 2757; x_wconf 88' lang='lat' dir='ltr'><strong>darentur</strong></span> 
     </span>
    </p>

    <p class='ocr_par' dir='ltr' id='par_1_7' title="bbox 83 2789 1179 3262">
     <span class='ocr_line' id='line_1_26' title="bbox 83 2789 1137 2871; baseline 0.007 -24"><span class='ocrx_word' id='word_1_230' title='bbox 83 2806 116 2856; x_wconf 76' lang='lat'><strong>25</strong></span> <span class='ocrx_word' id='word_1_231' title='bbox 131 2789 315 2867; x_wconf 90' lang='lat' dir='ltr'><strong>hominibus,</strong></span> <span class='ocrx_word' id='word_1_232' title='bbox 334 2792 366 2852; x_wconf 92' lang='lat' dir='ltr'><strong>in</strong></span> <span class='ocrx_word' id='word_1_233' title='bbox 387 2791 430 2853; x_wconf 91' lang='lat' dir='ltr'><strong>eis</strong></span> <span class='ocrx_word' id='word_1_234' title='bbox 451 2793 541 2853; x_wconf 88' lang='lat' dir='ltr'><strong>rebus</strong></span> <span class='ocrx_word' id='word_1_235' title='bbox 563 2812 596 2853; x_wconf 89' lang='lat' dir='ltr'><strong>se</strong></span> <span class='ocrx_word' id='word_1_236' title='bbox 612 2791 691 2853; x_wconf 87' lang='lat' dir='ltr'><strong>vinci</strong></span> <span class='ocrx_word' id='word_1_237' title='bbox 711 2811 799 2871; x_wconf 90' lang='lat' dir='ltr'><strong>posse</strong></span> <span class='ocrx_word' id='word_1_238' title='bbox 815 2791 917 2852; x_wconf 91' lang='lat' dir='ltr'><strong>animo</strong></span> <span class='ocrx_word' id='word_1_239' title='bbox 938 2812 1037 2869; x_wconf 88' lang='lat' dir='ltr'><strong>aequo</strong></span> <span class='ocrx_word' id='word_1_240' title='bbox 1055 2794 1137 2871; x_wconf 81' lang='lat' dir='ltr'><strong>pati3</strong></span> 
     </span>
     <span class='ocr_line' id='line_1_27' title="bbox 130 2886 1136 2969; baseline 0.005 -21"><span class='ocrx_word' id='word_1_241' title='bbox 130 2905 208 2962; x_wconf 89' lang='lat' dir='ltr'><strong>quae</strong></span> <span class='ocrx_word' id='word_1_242' title='bbox 221 2886 278 2965; x_wconf 92' lang='lat' dir='ltr'><strong>ipsi</strong></span> <span class='ocrx_word' id='word_1_243' title='bbox 297 2887 355 2949; x_wconf 91' lang='lat' dir='ltr'><strong>sibi</strong></span> <span class='ocrx_word' id='word_1_244' title='bbox 372 2888 510 2950; x_wconf 88' lang='lat' dir='ltr'><strong>homines</strong></span> <span class='ocrx_word' id='word_1_245' title='bbox 530 2909 632 2967; x_wconf 90' lang='lat' dir='ltr'><strong>parare</strong></span> <span class='ocrx_word' id='word_1_246' title='bbox 649 2901 781 2967; x_wconf 89' lang='lat' dir='ltr'><strong>possent,</strong></span> <span class='ocrx_word' id='word_1_247' title='bbox 797 2888 828 2948; x_wconf 90' lang='lat' dir='ltr'><strong>in</strong></span> <span class='ocrx_word' id='word_1_248' title='bbox 848 2889 890 2950; x_wconf 88' lang='lat' dir='ltr'><strong>eis</strong></span> <span class='ocrx_word' id='word_1_249' title='bbox 910 2889 998 2949; x_wconf 90' lang='lat' dir='ltr'><strong>rebus</strong></span> <span class='ocrx_word' id='word_1_250' title='bbox 1020 2910 1052 2951; x_wconf 90' lang='lat' dir='ltr'><strong>se</strong></span> <span class='ocrx_word' id='word_1_251' title='bbox 1074 2892 1136 2969; x_wconf 91' lang='lat' dir='ltr'><strong>pati</strong></span> 
     </span>
     <span class='ocr_line' id='line_1_28' title="bbox 128 2985 1135 3065; baseline 0.007 -22"><span class='ocrx_word' id='word_1_252' title='bbox 128 3003 190 3043; x_wconf 92' lang='lat' dir='ltr'><strong>non</strong></span> <span class='ocrx_word' id='word_1_253' title='bbox 199 3004 289 3063; x_wconf 91' lang='lat' dir='ltr'><strong>posse</strong></span> <span class='ocrx_word' id='word_1_254' title='bbox 298 2985 390 3061; x_wconf 88' lang='lat' dir='ltr'><strong>vinci;</strong></span> <span class='ocrx_word' id='word_1_255' title='bbox 401 2986 453 3064; x_wconf 94' lang='lat' dir='ltr'><strong>qui</strong></span> <span class='ocrx_word' id='word_1_256' title='bbox 462 2986 597 3047; x_wconf 92' lang='lat' dir='ltr'><strong>laudabit</strong></span> <span class='ocrx_word' id='word_1_257' title='bbox 607 2986 947 3065; x_wconf 84' lang='lat' dir='ltr'><strong>quempiam,intelleget</strong></span> <span class='ocrx_word' id='word_1_258' title='bbox 956 2991 1135 3065; x_wconf 86' lang='lat' dir='ltr'><strong>exponenda</strong></span> 
     </span>
     <span class='ocr_line' id='line_1_29' title="bbox 126 3080 1179 3168; baseline 0.005 -27"><span class='ocrx_word' id='word_1_259' title='bbox 126 3080 185 3142; x_wconf 91' lang='lat' dir='ltr'><strong>sibi</strong></span> <span class='ocrx_word' id='word_1_260' title='bbox 206 3102 272 3143; x_wconf 92' lang='lat' dir='ltr'><strong>esse</strong></span> <span class='ocrx_word' id='word_1_261' title='bbox 291 3084 427 3144; x_wconf 83' lang='lat' dir='ltr'><strong>fortunae</strong></span> <span class='ocrx_word' id='word_1_262' title='bbox 446 3085 528 3145; x_wconf 86' lang='lat' dir='ltr'><strong>bona</strong></span> <span class='ocrx_word' id='word_1_263' title='bbox 538 3106 546 3159; x_wconf 91' lang='lat'>;</span> <span class='ocrx_word' id='word_1_264' title='bbox 567 3104 603 3146; x_wconf 84' lang='lat' dir='ltr'><strong>ea</strong></span> <span class='ocrx_word' id='word_1_265' title='bbox 617 3095 687 3144; x_wconf 91' lang='lat' dir='ltr'><strong>sunt</strong></span> <span class='ocrx_word' id='word_1_266' title='bbox 703 3083 827 3161; x_wconf 85' lang='lat' dir='ltr'><strong>generis,</strong></span> <span class='ocrx_word' id='word_1_267' title='bbox 843 3083 995 3163; x_wconf 88' lang='lat' dir='ltr'><strong>pecuniae,</strong></span> <span class='ocrx_word' id='word_1_268' title='bbox 1015 3086 1133 3168; x_wconf 88' lang='lat' dir='ltr'><strong>propin·</strong></span> <span class='ocrx_word' id='word_1_269' title='bbox 1145 3089 1179 3153; x_wconf 85' lang='lat'><strong>46</strong></span> 
     </span>
     <span class='ocr_line' id='line_1_30' title="bbox 127 3179 1132 3262; baseline 0.006 -24"><span class='ocrx_word' id='word_1_270' title='bbox 127 3198 264 3255; x_wconf 90' lang='lat' dir='ltr'><strong>quorum,</strong></span> <span class='ocrx_word' id='word_1_271' title='bbox 274 3179 448 3254; x_wconf 83' lang='lat' dir='ltr'><strong>amicorum,</strong></span> <span class='ocrx_word' id='word_1_272' title='bbox 461 3201 563 3259; x_wconf 86' lang='lat' dir='ltr'><strong>opum,</strong></span> <span class='ocrx_word' id='word_1_273' title='bbox 574 3181 761 3254; x_wconf 88' lang='lat' dir='ltr'><strong>valetudinis,</strong></span> <span class='ocrx_word' id='word_1_274' title='bbox 773 3183 893 3254; x_wconf 86' lang='lat' dir='ltr'><strong>formae,</strong></span> <span class='ocrx_word' id='word_1_275' title='bbox 906 3181 1020 3255; x_wconf 88' lang='lat' dir='ltr'><strong>virium,</strong></span> <span class='ocrx_word' id='word_1_276' title='bbox 1032 3182 1132 3262; x_wconf 88' lang='lat' dir='ltr'><strong>ingeni</strong></span> 
     </span>
    </p>

    <p class='ocr_par' dir='ltr' id='par_1_8' title="bbox 79 3278 1133 3455">
     <span class='ocr_line' id='line_1_31' title="bbox 79 3278 1133 3357; baseline 0.006 -21"><span class='ocrx_word' id='word_1_277' title='bbox 79 3299 114 3350; x_wconf 76' lang='lat'><strong>30</strong></span> <span class='ocrx_word' id='word_1_278' title='bbox 126 3287 157 3336; x_wconf 93' lang='lat' dir='ltr'><strong>et</strong></span> <span class='ocrx_word' id='word_1_279' title='bbox 167 3288 331 3338; x_wconf 88' lang='lat' dir='ltr'><strong>ceterarum</strong></span> <span class='ocrx_word' id='word_1_280' title='bbox 340 3298 447 3352; x_wconf 90' lang='lat' dir='ltr'><strong>rerum,</strong></span> <span class='ocrx_word' id='word_1_281' title='bbox 459 3299 536 3356; x_wconf 89' lang='lat' dir='ltr'><strong>quae</strong></span> <span class='ocrx_word' id='word_1_282' title='bbox 550 3291 620 3339; x_wconf 90' lang='lat' dir='ltr'><strong>sunt</strong></span> <span class='ocrx_word' id='word_1_283' title='bbox 633 3290 685 3339; x_wconf 91' lang='lat' dir='ltr'><strong>aut</strong></span> <span class='ocrx_word' id='word_1_284' title='bbox 699 3278 831 3357; x_wconf 91' lang='lat' dir='ltr'><strong>corporis</strong></span> <span class='ocrx_word' id='word_1_285' title='bbox 845 3290 897 3339; x_wconf 93' lang='lat' dir='ltr'><strong>aut</strong></span> <span class='ocrx_word' id='word_1_286' title='bbox 911 3290 1087 3356; x_wconf 89' lang='lat' dir='ltr'><strong>extraneae;</strong></span> <span class='ocrx_word' id='word_1_287' title='bbox 1107 3281 1133 3342; x_wconf 92' lang='lat' dir='ltr'><strong>si</strong></span> 
     </span>
     <span class='ocr_line' id='line_1_32' title="bbox 126 3373 1132 3455; baseline 0.006 -21"><span class='ocrx_word' id='word_1_288' title='bbox 126 3373 271 3448; x_wconf 71' lang='lat' dir='ltr'><strong>habuerit</strong></span> <span class='ocrx_word' id='word_1_289' title='bbox 292 3376 370 3437; x_wconf 89' lang='lat' dir='ltr'><strong>bene</strong></span> <span class='ocrx_word' id='word_1_290' title='bbox 391 3377 480 3438; x_wconf 92' lang='lat' dir='ltr'><strong>rebus</strong></span> <span class='ocrx_word' id='word_1_291' title='bbox 501 3376 544 3437; x_wconf 90' lang='lat' dir='ltr'><strong>eis</strong></span> <span class='ocrx_word' id='word_1_292' title='bbox 566 3397 675 3451; x_wconf 89' lang='lat' dir='ltr'><strong>usum;</strong></span> <span class='ocrx_word' id='word_1_293' title='bbox 696 3376 720 3436; x_wconf 94' lang='lat' dir='ltr'><strong>si</strong></span> <span class='ocrx_word' id='word_1_294' title='bbox 739 3396 802 3436; x_wconf 92' lang='lat' dir='ltr'><strong>non</strong></span> <span class='ocrx_word' id='word_1_295' title='bbox 816 3375 962 3449; x_wconf 91' lang='lat' dir='ltr'><strong>habuerit,</strong></span> <span class='ocrx_word' id='word_1_296' title='bbox 983 3377 1132 3455; x_wconf 87' lang='lat' dir='ltr'><strong>sapienter</strong></span> 
     </span>
    </p>
   </div>
   <div class='ocr_carea' id='block_1_3' title="bbox 118 3512 1130 3709">
    <p class='ocr_par' dir='ltr' id='par_1_9' title="bbox 118 3512 1130 3709">
     <span class='ocr_line' id='line_1_33' title="bbox 157 3512 1130 3577; baseline 0.003 -16"><span class='ocrx_word' id='word_1_297' title='bbox 157 3513 190 3561; x_wconf 90' lang='lat' dir='ltr'><em>M</em></span> <span class='ocrx_word' id='word_1_298' title='bbox 200 3536 223 3554; x_wconf 71' lang='lat' dir='ltr'><strong>a</strong></span> <span class='ocrx_word' id='word_1_299' title='bbox 235 3512 320 3562; x_wconf 83' lang='lat' dir='ltr'><strong>AEH</strong></span> <span class='ocrx_word' id='word_1_300' title='bbox 413 3516 429 3562; x_wconf 88' lang='lat'><em>8</em></span> <span class='ocrx_word' id='word_1_301' title='bbox 446 3517 561 3564; x_wconf 86' lang='lat' dir='ltr'><strong>ornanda</strong></span> <span class='ocrx_word' id='word_1_302' title='bbox 574 3515 606 3562; x_wconf 91' lang='lat' dir='ltr'><em>M</em></span> <span class='ocrx_word' id='word_1_303' title='bbox 616 3532 622 3562; x_wconf 74' lang='lat' dir='ltr'>z</span> <span class='ocrx_word' id='word_1_304' title='bbox 640 3515 782 3563; x_wconf 83' lang='lat' dir='ltr'><strong>ordinanda</strong></span> <span class='ocrx_word' id='word_1_305' title='bbox 794 3512 818 3561; x_wconf 90' lang='lat' dir='ltr'><em>L</em></span> <span class='ocrx_word' id='word_1_306' title='bbox 917 3531 934 3577; x_wconf 88' lang='lat'><strong>9</strong></span> <span class='ocrx_word' id='word_1_307' title='bbox 951 3522 1087 3564; x_wconf 85' lang='lat' dir='ltr'><strong>tractatum</strong></span> <span class='ocrx_word' id='word_1_308' title='bbox 1100 3516 1130 3564; x_wconf 88' lang='lat' dir='ltr'><em>M</em></span> 
     </span>
     <span class='ocr_line' id='line_1_34' title="bbox 123 3577 1129 3644; baseline 0.005 -18"><span class='ocrx_word' id='word_1_309' title='bbox 123 3577 166 3627; x_wconf 90' lang='lat' dir='ltr'><strong>ille</strong></span> <span class='ocrx_word' id='word_1_310' title='bbox 183 3594 233 3628; x_wconf 87' lang='lat' dir='ltr'><strong>om.</strong></span> <span class='ocrx_word' id='word_1_311' title='bbox 248 3579 280 3626; x_wconf 93' lang='lat' dir='ltr'><em>M</em></span> <span class='ocrx_word' id='word_1_312' title='bbox 403 3595 434 3642; x_wconf 89' lang='lat'><strong>19</strong></span> <span class='ocrx_word' id='word_1_313' title='bbox 450 3583 484 3629; x_wconf 88' lang='lat' dir='ltr'><strong>ad</strong></span> <span class='ocrx_word' id='word_1_314' title='bbox 497 3584 534 3643; x_wconf 81' lang='lat' dir='ltr'><strong>(et</strong></span> <span class='ocrx_word' id='word_1_315' title='bbox 546 3580 582 3644; x_wconf 90' lang='lat' dir='ltr'><strong>E)</strong></span> <span class='ocrx_word' id='word_1_316' title='bbox 600 3581 685 3629; x_wconf 88' lang='lat' dir='ltr'><strong>omnia</strong></span> <span class='ocrx_word' id='word_1_317' title='bbox 702 3588 854 3629; x_wconf 87' lang='lat' dir='ltr'><strong>ornamenta</strong></span> <span class='ocrx_word' id='word_1_318' title='bbox 871 3580 916 3629; x_wconf 93' lang='lat' dir='ltr'><strong>M:</strong></span> <span class='ocrx_word' id='word_1_319' title='bbox 936 3582 1021 3628; x_wconf 84' lang='lat' dir='ltr'><strong>omnia</strong></span> <span class='ocrx_word' id='word_1_320' title='bbox 1038 3590 1129 3631; x_wconf 86' lang='lat' dir='ltr'><strong>ornate</strong></span> 
     </span>
     <span class='ocr_line' id='line_1_35' title="bbox 118 3644 1127 3709; baseline 0.003 -17"><span class='ocrx_word' id='word_1_321' title='bbox 118 3644 191 3709; x_wconf 63' lang='lat' dir='ltr'><strong>,vulga</strong></span> <span class='ocrx_word' id='word_1_322' title='bbox 245 3645 414 3695; x_wconf 84' lang='lat' dir='ltr'><strong>sumenturL</strong></span> <span class='ocrx_word' id='word_1_323' title='bbox 434 3645 488 3695; x_wconf 81' lang='lat' dir='ltr'><strong>edd.</strong></span> <span class='ocrx_word' id='word_1_324' title='bbox 508 3652 562 3694; x_wconf 80' lang='lat' dir='ltr'><strong>vett.</strong></span> <span class='ocrx_word' id='word_1_325' title='bbox 654 3662 686 3694; x_wconf 81' lang='lat' dir='ltr'><strong>aa</strong></span> <span class='ocrx_word' id='word_1_326' title='bbox 705 3645 790 3695; x_wconf 78' lang='lat' dir='ltr'><strong>Possit</strong></span> <span class='ocrx_word' id='word_1_327' title='bbox 810 3645 867 3693; x_wconf 88' lang='lat' dir='ltr'><strong>Mm</strong></span> <span class='ocrx_word' id='word_1_328' title='bbox 945 3646 971 3693; x_wconf 89' lang='lat' dir='ltr'><strong>in</strong></span> <span class='ocrx_word' id='word_1_329' title='bbox 991 3646 1069 3695; x_wconf 87' lang='lat' dir='ltr'><strong>rebus</strong></span> <span class='ocrx_word' id='word_1_330' title='bbox 1081 3646 1127 3695; x_wconf 92' lang='lat' dir='ltr'><strong>M:</strong></span> 
     </span>
    </p>
   </div>
   <div class='ocr_carea' id='block_1_4' title="bbox 93 3702 1062 3822">
    <p class='ocr_par' dir='ltr' id='par_1_10' title="bbox 93 3702 1062 3822">
     <span class='ocr_line' id='line_1_36' title="bbox 93 3702 1062 3822; baseline 0.003 -65"><span class='ocrx_word' id='word_1_331' title='bbox 93 3702 97 3711; x_wconf 88' lang='grc'><strong>’</strong></span> <span class='ocrx_word' id='word_1_332' title='bbox 123 3707 288 3759; x_wconf 82' lang='lat' dir='ltr'><strong>hisrebusL</strong></span> <span class='ocrx_word' id='word_1_333' title='bbox 388 3725 422 3772; x_wconf 83' lang='lat'><strong>30</strong></span> <span class='ocrx_word' id='word_1_334' title='bbox 439 3726 524 3760; x_wconf 90' lang='lat' dir='ltr'><strong>rerum</strong></span> <span class='ocrx_word' id='word_1_335' title='bbox 537 3727 586 3760; x_wconf 88' lang='lat' dir='ltr'><strong>om.</strong></span> <span class='ocrx_word' id='word_1_336' title='bbox 601 3711 634 3759; x_wconf 92' lang='lat' dir='ltr'><em>M</em></span> <span class='ocrx_word' id='word_1_337' title='bbox 731 3727 761 3772; x_wconf 85' lang='lat'><strong>31</strong></span> <span class='ocrx_word' id='word_1_338' title='bbox 782 3712 859 3760; x_wconf 87' lang='lat' dir='ltr'><strong>rebus</strong></span> <span class='ocrx_word' id='word_1_339' title='bbox 871 3726 921 3759; x_wconf 88' lang='lat' dir='ltr'><strong>om.</strong></span> <span class='ocrx_word' id='word_1_340' title='bbox 937 3727 990 3760; x_wconf 77' lang='lat' dir='ltr'><strong>rect.</strong></span> <span class='ocrx_word' id='word_1_341' title='bbox 1031 3777 1062 3822; x_wconf 52' lang='grc'><strong>6*</strong></span> 
     </span>
    </p>
   </div>
   <div class='ocr_carea' id='block_1_5' title="bbox 0 0 1328 4216">
    <p class='ocr_par' dir='ltr' id='par_1_11' title="bbox 0 0 1328 4216">
     <span class='ocr_line' id='line_1_37' title="bbox 0 0 1328 4216; baseline 0 8"><span class='ocrx_word' id='word_1_342' title='bbox 0 0 1328 4216; x_wconf 95' lang='lat' dir='ltr'><strong> </strong></span> 
     </span>
    </p>
   </div>
  </div>
 </body>
</html>
