2648 4216
81 247 148 310 7²?
436 239 482 302 M.
504 237 633 298 TVLLI
655 234 887 298 CICERONIS

157 405 253 483 lepos,
275 416 309 467 ut
329 405 394 468 'dies
416 405 566 468 intereos
586 405 685 467 curiae
706 404 796 466 fuisse
817 404 1165 479 videretur,›convivium

115 518 144 567 28
160 503 325 564 Tusculani
334 525 344 579 ,·
367 515 487 582 postero
505 516 607 565 autem
625 503 683 576 die,
704 522 774 563 cum
793 501 835 562 illi
854 502 981 563 maiores
1000 514 1072 563 natu
1093 503 1165 565 satis

159 600 312 678 quiessent
333 611 363 662 et
384 601 415 661 in
434 600 670 662 ambulationem
688 611 812 660 ventum
831 611 917 673 esset,
934 597 1079 681 [dicebat]
1099 611 1165 660 tum

159 700 334 760 Scaevolam
356 698 477 760 duobus
498 697 600 776 spatiis
622 696 753 757 tribusve
774 695 859 756 factis
880 695 990 757 dixisse
1012 701 1081 757 ‘cur
1100 716 1165 757 non

156 794 317 869 imitamur,
352 796 467 868 Crasse,
497 796 650 855 Socratem
683 792 776 866 illum,
808 791 861 870 qui
891 803 936 853 est
966 792 998 853 in
1026 795 1193 859 Phaedrus

157 893 317 954 Platonis?
361 895 441 954 Nam
469 911 518 952 me
545 893 620 952 haec
648 903 700 951 tua
727 893 865 968 platanus
892 890 1058 964 admonuit,
1087 910 1166 968 quae

157 1009 223 1050 non
243 989 343 1050 minus
363 990 403 1049 ad
424 988 614 1066 opacandum
635 989 717 1047 hunc
738 989 839 1047 locum
861 987 970 1064 patulis
992 998 1037 1048 est
1057 988 1166 1050 diffusa

155 1086 257 1160 ramis,
278 1106 369 1165 quam
388 1085 446 1160 illa,
462 1085 547 1146 cuius
566 1086 703 1146 umbram
723 1096 843 1145 secutus
862 1096 907 1145 est
926 1087 1071 1159 Socrates,
1087 1104 1166 1162 quae

158 1183 234 1244 mihi
256 1183 373 1246 videtur
395 1204 458 1244 non
479 1194 541 1244 tarn
563 1182 629 1260 ipsa
649 1183 743 1256 acula,
767 1201 846 1259 quae
866 1182 1051 1256 describitur,
1073 1202 1166 1260 quam

158 1281 293 1343 Platonis
312 1280 446 1342 oratione
467 1279 602 1354 crevisse,
624 1289 654 1340 et
675 1281 758 1356 quod
779 1278 829 1339 ille
850 1279 1015 1339 durissimis
1036 1279 1165 1357 pedibus
1181 1302 1212 1339 ιο

158 1380 238 1454 fecit,
254 1391 287 1441 ut
301 1399 333 1440 se
347 1378 478 1439 abiceret
490 1377 523 1438 in
537 1376 630 1438 herba
643 1388 734 1454 atque
748 1375 789 1436 ita
804 1371 889 1457 [illa],
901 1395 979 1453 quae
993 1374 1166 1454 philosophi

161 1478 303 1540 divinitus
317 1480 415 1539 ferrmt
429 1495 495 1538 esse
508 1475 598 1550 dicta,
612 1477 791 1553 loqueretur,
807 1472 840 1535 id
854 1473 929 1534 meis
943 1473 1072 1552 pedibus
1086 1485 1167 1535 certe

35 1587 45 1601 “
117 1599 147 1651 ²9
161 1574 287 1637 concedi
305 1585 350 1635 est
368 1572 511 1651 aequius’
551 1573 633 1634 Tum
652 1573 794 1634 Crassum
815 1569 926 1631 ‘immo
944 1589 1016 1630 vero
1034 1589 1167 1631 commo

161 1671 229 1733 dius
240 1671 330 1732 etiam
339 1673 366 1746 ’ς
385 1668 584 1748 pulvinosque
594 1667 768 1746 poposcisse
779 1677 809 1728 et
824 1666 923 1728 omnis
937 1666 969 1727 in
980 1666 1023 1729 eis
1034 1667 1165 1744 sedibus,

162 1787 239 1846 quae
253 1777 337 1828 erant
351 1767 407 1827 sub
422 1767 551 1843 platano,
567 1763 739 1826 consedisse
753 1763 881 1825 dicebat
1182 1788 1212 1839 ¹⁵

129 1865 148 1924 8
204 1864 260 1938 Ibi,
276 1875 309 1924 ut
328 1883 365 1924 ex
384 1861 510 1941 pristino
530 1881 668 1923 sermone
688 1863 886 1922 relaxarentur
905 1861 999 1923 animi
1019 1863 1165 1937 omnium,

163 1961 279 2021 solebat
307 1962 398 2022 Cotta
427 1979 544 2020 narrare
571 1960 713 2021 Crassum
744 1978 913 2020 sermonem
944 1962 1097 2037 quendam
1127 1962 1168 2022 de

118 2085 150 2135 30
163 2057 264 2119 studio
283 2057 404 2118 dicendi
423 2056 565 2119 intulisse.
609 2056 758 2132 Quicum
777 2055 818 2117 ita
838 2067 917 2117 esset
936 2077 1075 2119 exorsus:
1105 2078 1168 2119 non

164 2155 222 2218 sibi
243 2155 462 2217 cohortandum
481 2152 646 2231 Sulpicium
667 2165 697 2214 et
716 2155 846 2226 Cottam,
867 2155 922 2214 sed
943 2155 1037 2232 magis
1057 2165 1169 2216 utrum·

162 2275 223 2333 que
246 2255 490 2316 conlaudandum
511 2251 614 2327 videri,
636 2254 719 2329 quod
741 2263 853 2313 tantam
876 2251 936 2313 iam
958 2265 1058 2314 essent
1080 2255 1169 2314 facul·
1184 2279 1214 2314 ao

164 2365 256 2415 tatem
269 2351 380 2431 adepti,
395 2363 428 2413 ut
443 2371 505 2413 non
521 2351 696 2429 aequalibus
709 2350 771 2412 suis
790 2353 888 2412 solum
907 2362 1167 2429 anteponerentur,

165 2453 220 2514 sed
234 2471 303 2512 cum
318 2449 479 2512 maioribus
498 2461 571 2510 natu
589 2460 830 2528 compararentur
840 2472 849 2524 3
871 2454 987 2527 ‘neque
1005 2468 1075 2510 vero
1095 2448 1169 2509 mihi

165 2549 326 2628 quicquam
335 2550 343 2578 '
353 2547 450 2626 inquit
466 2546 687 2625 ‘praestabilius
698 2547 823 2622 videtur,
836 2567 927 2625 quam
938 2567 1027 2625 posse
1038 2546 1170 2608 dicendo

164 2659 266 2709 tenere
280 2646 438 2708 hominum
453 2642 582 2727 [coetus]
598 2646 714 2719 mentis,
731 2645 860 2708 adlicere
874 2647 1051 2718 voluntates,
1067 2644 1170 2722 impel-

163 2747 224 2806 lere
245 2764 306 2821 quo
328 2742 406 2816 velit,
429 2743 511 2804 unde
530 2756 632 2805 autem
652 2744 723 2806 velit
745 2746 911 2805 deducere:
943 2745 1018 2804 haec
1039 2762 1100 2803 una
1123 2761 1170 2801 res
1185 2765 1215 2814 ²5

164 2843 196 2903 in
211 2841 294 2902 omni
311 2841 406 2902 libero
424 2843 538 2918 populo
558 2843 746 2921 maximeque
761 2843 792 2904 in
811 2842 925 2921 pacatis
944 2839 1170 2918 tranquillisque

165 2938 333 3000 civitatibus
360 2937 521 3016 praecipue
545 2960 662 3018 semper
691 2940 789 3002 floruit
814 2959 991 3018 semperque
1016 2937 1172 2999 dominata

121 3048 218 3112 31est
262 3035 346 3112 Quid
364 3035 445 3096 enim
460 3029 512 3098 est
532 3049 585 3099 aut
604 3049 667 3099 tam
687 3038 870 3112 admirabile,
886 3057 977 3115 quam
999 3057 1035 3097 ex
1055 3034 1172 3095 infinita

166 3133 357 3195 multitudine
371 3133 528 3196 hominum
547 3136 687 3198 exsistere
701 3157 805 3210 unum,
817 3136 869 3213 qui
883 3135 924 3208 id,
936 3135 1020 3212 quod
1030 3132 1172 3194 omnibus

167 3244 272 3294 natura
285 3231 323 3293 sit
336 3235 450 3307 datum,
465 3235 512 3295 vel
528 3236 609 3296 solus
623 3236 670 3295 vel
685 3253 755 3295 cum
769 3232 925 3311 perpaucis
939 3234 1036 3292 facere
1052 3228 1171 3307 possit?
1186 3242 1218 3293 30

166 3341 218 3392 aut
232 3343 293 3390 tam
313 3330 479 3392 iucundum
498 3331 620 3410 cognitu
637 3344 728 3409 atque
744 3331 858 3404 auditu,
876 3349 968 3408 quam
986 3325 1172 3405 sapientibus

167 3428 322 3490 sententiis
342 3429 540 3509 gravibusque
561 3429 659 3491 verbis
680 3439 784 3490 ornata
804 3426 900 3489 oratio
920 3437 951 3487 et
970 3424 1086 3503 polita?
1120 3432 1172 3483 aut

201 3587 229 3636 M
238 3586 321 3637 :HE
384 3601 401 3651 3
412 3595 488 3650 esset,
502 3586 602 3636 dicebat
611 3585 643 3634 M
650 3603 656 3633 ι
673 3600 733 3634 esse
744 3584 767 3634 L
836 3598 865 3632 11
884 3582 927 3631 illa
937 3596 987 3631 om.
998 3578 1031 3628 Μ
1079 3595 1110 3641 14
1122 3576 1172 3642 eis]

167 3655 221 3704 suis
233 3653 264 3703 M
271 3670 278 3702 z
303 3651 379 3702 hist
487 3667 520 3712 24
537 3658 686 3700 coetusom.
701 3647 734 3697 M
839 3650 873 3697 26
889 3647 999 3697 maxime
1011 3643 1044 3692 M
1139 3658 1174 3706 30

167 3734 257 3781 pauca
268 3734 295 3768 m
307 3733 360 3768 nac.
