2648 4216
446 268 504 329 nn
526 269 733 331 oRAToan
775 268 817 329 11.
1139 269 1244 345 46191

123 431 276 509 concitari,
291 433 465 513 praesertim
486 432 518 494 in
537 435 626 495 rebus
645 433 757 508 alienis,
774 454 884 513 magna
901 434 946 496 vis
964 446 1009 496 est
1027 454 1130 497 earum

125 530 340 592 sententiarum
362 542 453 610 atque
476 551 581 593 eorum
603 533 748 607 locorum,
769 551 848 610 quos
871 551 942 610 agas
964 541 1133 611 tractesque

125 628 265 703 dicendo,
277 628 352 689 nihil
366 640 400 689 ut
414 649 491 707 opus
505 628 543 688 sit
556 628 747 690 simulatione
762 639 792 689 et
806 629 948 704 fallaciis3
972 629 1037 708 ipsa
1051 628 1132 690 enim

125 736 232 787 natura
255 725 398 788 orationis
423 726 498 801 eius,
519 745 596 804 quae
621 725 781 803 suscipitur
804 727 844 787 ad
868 725 995 788 aliorum
1015 725 1133 787 animos
1216 791 1219 795 ,

96 825 354 902 5permovend0s,
380 835 527 886 oratorem
552 823 652 903 ipsum
677 823 771 901 magis
799 823 890 884 etiam
915 843 1007 901 quam
1031 843 1134 901 quem·

126 941 218 999 quam
232 941 338 982 eorum
358 920 411 999 qui
431 921 559 982 audiunt
579 933 742 1000 permovet
787 923 827 982 Et
843 941 883 982 ne
901 923 960 982 hoc
978 921 1009 981 in
1025 919 1131 994 causis,
1151 944 1195 999 192

126 1017 158 1078 in
180 1016 309 1094 iudiciis,
329 1018 362 1078 in
382 1019 549 1080 amicorum
569 1017 717 1097 periculis,
740 1017 772 1078 in
792 1038 940 1079 concursu
953 1017 1131 1092 hominum,

126 1116 158 1176 in
173 1115 300 1190 civitate,
317 1116 349 1177 in
364 1119 431 1179 foro
443 1117 581 1178 accidere
595 1115 744 1190 miremur,
760 1136 830 1177 curn
844 1116 940 1194 agitur
953 1136 1016 1177 non
1035 1117 1133 1177 solum

127 1213 229 1292 ingeni
243 1214 337 1275 nostri
350 1214 540 1287 existimatio,
555 1233 626 1274 nam
641 1213 673 1275 id
687 1224 766 1274 esset
782 1213 877 1274 levius
889 1235 932 1288 3-
940 1232 1132 1291 quamquam,

84 1331 198 1374 recum
222 1313 373 1390 professus
395 1311 437 1372 sis
458 1320 489 1373 te
513 1311 545 1373 id
572 1330 663 1390 posse
686 1312 792 1383 lacere,
815 1312 899 1388 quod
921 1310 1018 1389 pauci,
1040 1329 1079 1371 ne
1101 1309 1135 1372 id

127 1407 251 1487 quidem
279 1409 499 1487 neglegendum
523 1418 569 1469 est
580 1408 685 1484 ;—sed
709 1407 767 1468 alia
791 1418 861 1469 sunt
888 1407 1002 1469 maiora
1028 1409 1136 1482 multo,

127 1507 212 1579 fides,
228 1505 367 1579 officium,
384 1505 545 1583 diligentia,
562 1504 672 1583 quibus
693 1505 783 1565 rebus
804 1503 936 1577 adducti,
952 1505 1043 1566 etiarn
1063 1525 1135 1566 cum

128 1602 325 1665 alienissimos
339 1603 539 1676 defendimus,
555 1613 656 1663 tamen
671 1621 724 1663 eos
738 1601 861 1675 alienos,
878 1601 903 1661 si
917 1601 974 1681 ipsi
987 1601 1042 1662 viri
1060 1601 1135 1664 boni

128 1702 268 1761 volumus
287 1700 398 1774 haberi,
414 1700 582 1761 existimare
600 1720 664 1760 non
681 1701 945 1778 possumus-sed,
961 1711 995 1760 ut
1011 1698 1081 1773 dixi,
1097 1719 1137 1761 ne
1151 1720 1199 1776 ¹9³

86 1823 115 1872 15
129 1799 188 1859 hoc
210 1797 243 1856 in
265 1797 354 1858 nobis
378 1797 487 1858 mirum
511 1817 577 1858 esse
598 1797 742 1870 videatur,
765 1796 839 1874 quid
862 1807 962 1875 potest
984 1816 1051 1857 esse
1073 1807 1135 1857 tam

129 1896 233 1955 fictum
250 1914 342 1972 quam
355 1915 466 1970 versus,
481 1914 573 1973 quam
592 1913 708 1967 scaena,
725 1914 817 1972 quam
836 1894 977 1954 fabulae?
1018 1894 1135 1953 Tamen

129 1990 162 2051 in
182 1993 241 2052 hoc
262 2011 371 2069 genere
390 2011 481 2070 saepe
501 1991 566 2070 ipse
586 1990 656 2063 vidi,
673 2001 707 2050 ut
727 2010 764 2051 ex
785 2009 914 2069 persona
935 1989 1010 2051 mihi
1031 1992 1136 2052 ardere

129 2089 210 2150 oculi
223 2089 354 2150 hominis
368 2087 520 2150 histrionis
534 2088 706 2150 viderentur
719 2086 888 2167 †spondalli
902 2086 953 2149 illa
966 2085 1112 2148 dicentis:

185 2206 336 2263 segregare
349 2186 405 2246 abs
418 2197 449 2247 te
462 2188 562 2247 ausu’s
575 2198 627 2246 aut
641 2185 706 2246 sine
720 2184 772 2246 illo
787 2184 938 2246 Salamina
951 2184 1089 2263 ingredi?
1128 2224 1130 2227 .

86 2314 117 2349 20
184 2303 284 2361 neque
297 2292 455 2361 paternum
468 2295 625 2361 aspectum
639 2301 672 2344 es
685 2281 820 2342 veritus?

131 2383 306 2458 Numquam
321 2378 406 2440 illum
419 2392 575 2459 aspectum
590 2379 719 2452 dicebat,
730 2377 803 2456 quin
818 2377 892 2437 mihi
903 2381 1030 2439 Telamo
1044 2379 1136 2440 iratus

129 2479 226 2538 furere
248 2479 330 2538 luctu
352 2475 395 2537 fili
413 2476 562 2539 videretur
571 2498 581 2552 3
600 2487 631 2537 at
653 2476 734 2538 idem
752 2475 860 2536 inflexa
876 2476 915 2535 ad
936 2475 1136 2539 miserabilem

130 2594 237 2636 sonum
252 2594 338 2650 voce,

373 2693 444 2734 cum
458 2684 556 2734 aetate
570 2683 674 2733 exacta
687 2671 820 2748 indigem

86 2802 116 2850 ²5
171 2771 298 2832 liberum
312 2770 455 2845 lacerasti,
472 2770 592 2844 orbasti,
609 2769 765 2844 exstinxti;
787 2789 886 2846 neque
900 2768 995 2829 fratris
1009 2767 1101 2843 necis,

171 2888 270 2946 neque
284 2867 348 2930 eius
361 2867 444 2946 gnati
458 2867 549 2947 parvi,
566 2867 618 2945 qui
633 2866 688 2928 tibi
701 2867 733 2928 in
747 2868 872 2927 tutelam
887 2876 932 2926 est
947 2865 1079 2940 traditus,

130 2966 206 3026 flens
220 2985 256 3026 ac
270 2968 374 3044 lugens
389 2965 489 3026 dicere
503 2964 679 3041 videbatu13
700 2984 778 3043 quae
793 2963 818 3024 si
832 2963 882 3024 ille
896 2962 1008 3038 histrio,
1024 2962 1136 3027 cotidie

129 3082 201 3123 cum
222 3076 330 3142 ageret,
354 3075 456 3125 tamen
478 3059 583 3144 [recte]
606 3083 694 3141 agere
715 3062 779 3123 sine
800 3063 905 3122 dolore
926 3081 988 3121 non
1009 3073 1134 3142 poterat,

131 3160 205 3239 quid
219 3160 383 3222 Pacuvium
398 3160 509 3239 putatis
526 3159 557 3220 in
577 3159 737 3221 scribendo
756 3158 817 3220 leni
833 3158 936 3220 animo
954 3178 991 3220 ac
1011 3159 1136 3222 remisso

88 3290 118 3337 30
131 3258 246 3321 fuisse?
273 3257 352 3320 Fieri
359 3261 444 3320 nullo
455 3260 548 3319 modo
559 3258 664 3336 potuit.
708 3260 804 3336 Saepe
813 3256 895 3318 enim
904 3257 1006 3318 audivi
1015 3269 1136 3336 poetam
1151 3285 1200 3340 ¹94

165 3413 198 3464 Μ
204 3439 225 3456 =
236 3413 318 3462 ΑΕΗ
368 3416 398 3462 18
409 3412 536 3476 spondalli
545 3411 629 3461 illaM
638 3430 644 3462 ι
662 3410 952 3476 εροηάαΙίιίΠαὶυκΙὲ.
964 3431 969 3461 :
982 3412 1136 3475 spondaulia

132 3481 176 3530 illa
187 3480 348 3529 Salmasius:
367 3480 490 3541 esponda
502 3479 545 3528 illa
554 3480 584 3529 G.
594 3478 731 3527 Hmnann
742 3479 832 3542 Opusc.
842 3480 858 3529 i.
868 3494 931 3540 304:
950 3486 1044 3540 sponte
1052 3479 1136 3532 aliena

133 3548 177 3596 illa
195 3545 302 3610 Madvig
317 3546 384 3596 Adv.
400 3546 460 3595 ent.
475 3545 512 3594 iii.
527 3560 558 3607 91
652 3560 684 3607 ¹9
699 3544 752 3593 ullo
764 3542 796 3591 M
884 3559 917 3591 aa
934 3551 960 3593 at
973 3544 1040 3592 idem
1052 3545 1135 3608 vulga:

133 3614 221 3662 utilem
234 3610 266 3659 M
341 3627 373 3674 ²5
391 3611 526 3660 extinxisti
538 3608 591 3659 m
680 3612 713 3659 26
730 3611 788 3659 eius
798 3626 848 3661 om.
861 3609 925 3658 HEt
1017 3611 1049 3658 28
1067 3615 1137 3659 recte

131 3679 184 3728 secl.
198 3679 299 3727 Ernesti
