<?xml version="1.0" encoding="UTF-8"?>
<!DOCTYPE html PUBLIC "-//W3C//DTD XHTML 1.0 Transitional//EN"
    "http://www.w3.org/TR/xhtml1/DTD/xhtml1-transitional.dtd">
<html xmlns="http://www.w3.org/1999/xhtml" xml:lang="en" lang="en">
 <head>
  <title>
</title>
<meta http-equiv="Content-Type" content="text/html;charset=utf-8" />
  <meta name='ocr-system' content='tesseract 3.04.00' />
  <meta name='ocr-capabilities' content='ocr_page ocr_carea ocr_par ocr_line ocrx_word'/>
</head>
<body>
  <div class='ocr_page' id='page_1' title='image "./mtvlliciceronis01wilkgoog/mtvlliciceronis01wilkgoog_0203.png"; bbox 0 0 2648 4216; ppageno 0'>
   <div class='ocr_carea' id='block_1_1' title="bbox 454 247 906 311">
    <p class='ocr_par' dir='ltr' id='par_1_1' title="bbox 454 247 906 311">
     <span class='ocr_line' id='line_1_1' title="bbox 454 247 906 311; baseline -0.002 -2"><span class='ocrx_word' id='word_1_1' title='bbox 454 250 498 309; x_wconf 89' lang='lat' dir='ltr'>M.</span> <span class='ocrx_word' id='word_1_2' title='bbox 520 249 649 311; x_wconf 89' lang='lat' dir='ltr'>TVLLI</span> <span class='ocrx_word' id='word_1_3' title='bbox 671 247 906 310; x_wconf 88' lang='lat' dir='ltr'><strong>CICERONIS</strong></span> 
     </span>
    </p>
   </div>
   <div class='ocr_carea' id='block_1_2' title="bbox 130 414 1233 3520">
    <p class='ocr_par' dir='ltr' id='par_1_2' title="bbox 130 414 1233 3520">
     <span class='ocr_line' id='line_1_2' title="bbox 173 414 1190 493; baseline -0.002 -12"><span class='ocrx_word' id='word_1_4' title='bbox 173 438 239 481; x_wconf 85' lang='lat' dir='ltr'>esse</span> <span class='ocrx_word' id='word_1_5' title='bbox 256 417 459 481; x_wconf 86' lang='lat' dir='ltr'>tribuendum.</span> <span class='ocrx_word' id='word_1_6' title='bbox 503 418 573 493; x_wconf 88' lang='lat' dir='ltr'>Qua</span> <span class='ocrx_word' id='word_1_7' title='bbox 586 437 618 479; x_wconf 91' lang='lat' dir='ltr'>re</span> <span class='ocrx_word' id='word_1_8' title='bbox 635 414 734 477; x_wconf 92' lang='lat' dir='ltr'>omnis</span> <span class='ocrx_word' id='word_1_9' title='bbox 753 415 826 476; x_wconf 90' lang='lat' dir='ltr'>istos</span> <span class='ocrx_word' id='word_1_10' title='bbox 845 435 895 477; x_wconf 93' lang='lat' dir='ltr'>me</span> <span class='ocrx_word' id='word_1_11' title='bbox 913 427 1037 478; x_wconf 90' lang='lat' dir='ltr'>auctore</span> <span class='ocrx_word' id='word_1_12' title='bbox 1049 416 1190 480; x_wconf 85' lang='lat' dir='ltr'>deridete</span> 
     </span>
     <span class='ocr_line' id='line_1_3' title="bbox 173 513 1191 596; baseline -0.002 -20"><span class='ocrx_word' id='word_1_13' title='bbox 173 527 264 594; x_wconf 89' lang='lat' dir='ltr'>atque</span> <span class='ocrx_word' id='word_1_14' title='bbox 281 514 475 589; x_wconf 86' lang='lat' dir='ltr'>contemnite,</span> <span class='ocrx_word' id='word_1_15' title='bbox 491 514 544 593; x_wconf 93' lang='lat' dir='ltr'>qui</span> <span class='ocrx_word' id='word_1_16' title='bbox 565 534 597 576; x_wconf 93' lang='lat' dir='ltr'>se</span> <span class='ocrx_word' id='word_1_17' title='bbox 618 515 733 587; x_wconf 86' lang='lat' dir='ltr'>horum,</span> <span class='ocrx_word' id='word_1_18' title='bbox 750 513 802 591; x_wconf 90' lang='lat' dir='ltr'>qui</span> <span class='ocrx_word' id='word_1_19' title='bbox 824 534 906 575; x_wconf 89' lang='lat' dir='ltr'>nunc</span> <span class='ocrx_word' id='word_1_20' title='bbox 926 513 968 574; x_wconf 88' lang='lat' dir='ltr'>ita</span> <span class='ocrx_word' id='word_1_21' title='bbox 988 518 1191 596; x_wconf 79' lang='lat' dir='ltr'>appellantur,</span> 
     </span>
     <span class='ocr_line' id='line_1_4' title="bbox 173 610 1190 691; baseline -0.001 -18"><span class='ocrx_word' id='word_1_22' title='bbox 173 615 326 674; x_wconf 83' lang='lat' dir='ltr'>rhetorum</span> <span class='ocrx_word' id='word_1_23' title='bbox 345 610 510 691; x_wconf 87' lang='lat' dir='ltr'>praeceptis</span> <span class='ocrx_word' id='word_1_24' title='bbox 527 630 650 673; x_wconf 90' lang='lat' dir='ltr'>omnem</span> <span class='ocrx_word' id='word_1_25' title='bbox 671 610 830 671; x_wconf 89' lang='lat' dir='ltr'>oratoriam</span> <span class='ocrx_word' id='word_1_26' title='bbox 847 610 908 672; x_wconf 89' lang='lat' dir='ltr'>vim</span> <span class='ocrx_word' id='word_1_27' title='bbox 924 614 1100 690; x_wconf 87' lang='lat' dir='ltr'>complexos</span> <span class='ocrx_word' id='word_1_28' title='bbox 1121 632 1190 672; x_wconf 90' lang='lat' dir='ltr'>esse</span> 
     </span>
     <span class='ocr_line' id='line_1_5' title="bbox 173 707 1191 787; baseline -0.001 -17"><span class='ocrx_word' id='word_1_29' title='bbox 173 707 352 770; x_wconf 76' lang='lat' dir='ltr'>arbitrantur</span> <span class='ocrx_word' id='word_1_30' title='bbox 368 727 467 786; x_wconf 84' lang='lat' dir='ltr'>neque</span> <span class='ocrx_word' id='word_1_31' title='bbox 487 709 588 769; x_wconf 89' lang='lat' dir='ltr'>adhuc</span> <span class='ocrx_word' id='word_1_32' title='bbox 606 726 698 786; x_wconf 89' lang='lat' dir='ltr'>quam</span> <span class='ocrx_word' id='word_1_33' title='bbox 719 728 878 786; x_wconf 84' lang='lat' dir='ltr'>personam</span> <span class='ocrx_word' id='word_1_34' title='bbox 900 719 1023 770; x_wconf 89' lang='lat' dir='ltr'>teneant</span> <span class='ocrx_word' id='word_1_35' title='bbox 1041 720 1094 770; x_wconf 91' lang='lat' dir='ltr'>aut</span> <span class='ocrx_word' id='word_1_36' title='bbox 1113 708 1191 787; x_wconf 91' lang='lat' dir='ltr'>quid</span> 
     </span>
     <span class='ocr_line' id='line_1_6' title="bbox 174 804 1216 884; baseline 0.003 -20"><span class='ocrx_word' id='word_1_37' title='bbox 174 806 368 884; x_wconf 86' lang='lat' dir='ltr'>profiteantur</span> <span class='ocrx_word' id='word_1_38' title='bbox 382 804 553 882; x_wconf 85' lang='lat' dir='ltr'>intellegere</span> <span class='ocrx_word' id='word_1_39' title='bbox 569 814 739 881; x_wconf 85' lang='lat' dir='ltr'>potuerunt</span> <span class='ocrx_word' id='word_1_40' title='bbox 782 807 865 866; x_wconf 89' lang='lat' dir='ltr'>Vero</span> <span class='ocrx_word' id='word_1_41' title='bbox 878 805 960 867; x_wconf 91' lang='lat' dir='ltr'>enim</span> <span class='ocrx_word' id='word_1_42' title='bbox 973 805 1095 882; x_wconf 90' lang='lat' dir='ltr'>oratori,</span> <span class='ocrx_word' id='word_1_43' title='bbox 1109 825 1216 884; x_wconf 77' lang='lat' dir='ltr'>quaes</span> 
     </span>
     <span class='ocr_line' id='line_1_7' title="bbox 175 900 1191 980; baseline 0.002 -18"><span class='ocrx_word' id='word_1_44' title='bbox 175 901 291 962; x_wconf 90' lang='lat' dir='ltr'>suntin</span> <span class='ocrx_word' id='word_1_45' title='bbox 310 901 467 962; x_wconf 90' lang='lat' dir='ltr'>hominum</span> <span class='ocrx_word' id='word_1_46' title='bbox 481 900 552 976; x_wconf 83' lang='lat' dir='ltr'>vita,</span> <span class='ocrx_word' id='word_1_47' title='bbox 566 900 814 980; x_wconf 90' lang='lat' dir='ltr'>quandoquidem</span> <span class='ocrx_word' id='word_1_48' title='bbox 832 901 865 962; x_wconf 94' lang='lat' dir='ltr'>in</span> <span class='ocrx_word' id='word_1_49' title='bbox 884 923 920 963; x_wconf 87' lang='lat' dir='ltr'>ea</span> <span class='ocrx_word' id='word_1_50' title='bbox 937 913 1070 964; x_wconf 86' lang='lat' dir='ltr'>versatur</span> <span class='ocrx_word' id='word_1_51' title='bbox 1089 914 1191 965; x_wconf 91' lang='lat' dir='ltr'>orator</span> 
     </span>
     <span class='ocr_line' id='line_1_8' title="bbox 175 997 1190 1078; baseline 0.003 -19"><span class='ocrx_word' id='word_1_52' title='bbox 175 1010 266 1077; x_wconf 91' lang='lat' dir='ltr'>atque</span> <span class='ocrx_word' id='word_1_53' title='bbox 287 1019 323 1059; x_wconf 91' lang='lat' dir='ltr'>ea</span> <span class='ocrx_word' id='word_1_54' title='bbox 343 1009 388 1060; x_wconf 90' lang='lat' dir='ltr'>est</span> <span class='ocrx_word' id='word_1_55' title='bbox 409 998 437 1060; x_wconf 89' lang='lat' dir='ltr'>ei</span> <span class='ocrx_word' id='word_1_56' title='bbox 458 997 593 1059; x_wconf 89' lang='lat' dir='ltr'>subiecta</span> <span class='ocrx_word' id='word_1_57' title='bbox 616 997 765 1074; x_wconf 89' lang='lat' dir='ltr'>materies,</span> <span class='ocrx_word' id='word_1_58' title='bbox 785 998 888 1060; x_wconf 83' lang='lat' dir='ltr'>omnia</span> <span class='ocrx_word' id='word_1_59' title='bbox 908 999 1054 1078; x_wconf 90' lang='lat' dir='ltr'>quaesita,</span> <span class='ocrx_word' id='word_1_60' title='bbox 1073 1001 1190 1077; x_wconf 87' lang='lat' dir='ltr'>audita,</span> 
     </span>
     <span class='ocr_line' id='line_1_9' title="bbox 130 1095 1189 1175; baseline 0.003 -19"><span class='ocrx_word' id='word_1_61' title='bbox 130 1111 162 1165; x_wconf 74' lang='lat'>55</span> <span class='ocrx_word' id='word_1_62' title='bbox 175 1098 262 1170; x_wconf 84' lang='lat' dir='ltr'>lecta,</span> <span class='ocrx_word' id='word_1_63' title='bbox 290 1095 450 1174; x_wconf 88' lang='lat' dir='ltr'>disputata,</span> <span class='ocrx_word' id='word_1_64' title='bbox 472 1106 607 1170; x_wconf 88' lang='lat' dir='ltr'>tractata,</span> <span class='ocrx_word' id='word_1_65' title='bbox 629 1095 739 1175; x_wconf 83' lang='lat' dir='ltr'>agitata</span> <span class='ocrx_word' id='word_1_66' title='bbox 763 1115 829 1159; x_wconf 89' lang='lat' dir='ltr'>esse</span> <span class='ocrx_word' id='word_1_67' title='bbox 856 1097 977 1159; x_wconf 85' lang='lat' dir='ltr'>debent</span> <span class='ocrx_word' id='word_1_68' title='bbox 1023 1100 1078 1158; x_wconf 89' lang='lat' dir='ltr'>Est</span> <span class='ocrx_word' id='word_1_69' title='bbox 1105 1097 1189 1160; x_wconf 89' lang='lat' dir='ltr'>enim</span> 
     </span>
     <span class='ocr_line' id='line_1_10' title="bbox 175 1193 1188 1274; baseline 0.002 -19"><span class='ocrx_word' id='word_1_70' title='bbox 175 1193 347 1272; x_wconf 89' lang='lat' dir='ltr'>eloquentia</span> <span class='ocrx_word' id='word_1_71' title='bbox 365 1214 426 1254; x_wconf 88' lang='lat' dir='ltr'>una</span> <span class='ocrx_word' id='word_1_72' title='bbox 444 1195 594 1271; x_wconf 88' lang='lat' dir='ltr'>quaedam</span> <span class='ocrx_word' id='word_1_73' title='bbox 611 1194 650 1255; x_wconf 86' lang='lat' dir='ltr'>de</span> <span class='ocrx_word' id='word_1_74' title='bbox 664 1193 789 1255; x_wconf 90' lang='lat' dir='ltr'>summis</span> <span class='ocrx_word' id='word_1_75' title='bbox 802 1193 981 1270; x_wconf 81' lang='lat' dir='ltr'>virtutibus3</span> <span class='ocrx_word' id='word_1_76' title='bbox 1001 1214 1188 1274; x_wconf 88' lang='lat' dir='ltr'>quamquam</span> 
     </span>
     <span class='ocr_line' id='line_1_11' title="bbox 175 1289 1233 1372; baseline -0.001 -21"><span class='ocrx_word' id='word_1_77' title='bbox 175 1301 245 1353; x_wconf 91' lang='lat' dir='ltr'>sunt</span> <span class='ocrx_word' id='word_1_78' title='bbox 259 1311 364 1352; x_wconf 89' lang='lat' dir='ltr'>omnes</span> <span class='ocrx_word' id='word_1_79' title='bbox 378 1289 501 1350; x_wconf 89' lang='lat' dir='ltr'>virtutes</span> <span class='ocrx_word' id='word_1_80' title='bbox 519 1292 659 1368; x_wconf 83' lang='lat' dir='ltr'>aequales</span> <span class='ocrx_word' id='word_1_81' title='bbox 680 1301 710 1351; x_wconf 89' lang='lat' dir='ltr'>et</span> <span class='ocrx_word' id='word_1_82' title='bbox 728 1310 825 1368; x_wconf 90' lang='lat' dir='ltr'>pares,</span> <span class='ocrx_word' id='word_1_83' title='bbox 839 1293 893 1352; x_wconf 91' lang='lat' dir='ltr'>sed</span> <span class='ocrx_word' id='word_1_84' title='bbox 910 1302 1012 1352; x_wconf 91' lang='lat' dir='ltr'>tamen</span> <span class='ocrx_word' id='word_1_85' title='bbox 1026 1304 1072 1354; x_wconf 89' lang='lat' dir='ltr'>est</span> <span class='ocrx_word' id='word_1_86' title='bbox 1085 1293 1189 1372; x_wconf 89' lang='lat' dir='ltr'>specie</span> <span class='ocrx_word' id='word_1_87' title='bbox 1203 1313 1233 1351; x_wconf 78' lang='grc' dir='ltr'>ιο</span> 
     </span>
     <span class='ocr_line' id='line_1_12' title="bbox 175 1387 1189 1469; baseline 0.006 -21"><span class='ocrx_word' id='word_1_88' title='bbox 175 1387 233 1449; x_wconf 91' lang='lat' dir='ltr'>alia</span> <span class='ocrx_word' id='word_1_89' title='bbox 260 1387 353 1466; x_wconf 85' lang='lat' dir='ltr'>magis</span> <span class='ocrx_word' id='word_1_90' title='bbox 377 1387 436 1448; x_wconf 90' lang='lat' dir='ltr'>alia</span> <span class='ocrx_word' id='word_1_91' title='bbox 459 1389 590 1449; x_wconf 82' lang='lat' dir='ltr'>formosa</span> <span class='ocrx_word' id='word_1_92' title='bbox 613 1402 644 1452; x_wconf 86' lang='lat' dir='ltr'>et</span> <span class='ocrx_word' id='word_1_93' title='bbox 670 1387 811 1464; x_wconf 87' lang='lat' dir='ltr'>inlustris,</span> <span class='ocrx_word' id='word_1_94' title='bbox 833 1388 910 1451; x_wconf 86' lang='lat' dir='ltr'>sicut</span> <span class='ocrx_word' id='word_1_95' title='bbox 932 1390 1008 1450; x_wconf 87' lang='lat' dir='ltr'>haec</span> <span class='ocrx_word' id='word_1_96' title='bbox 1030 1389 1084 1465; x_wconf 87' lang='lat' dir='ltr'>vis,</span> <span class='ocrx_word' id='word_1_97' title='bbox 1107 1410 1189 1469; x_wconf 85' lang='lat' dir='ltr'>quae</span> 
     </span>
     <span class='ocr_line' id='line_1_13' title="bbox 158 1484 1188 1563; baseline 0.002 -17"><span class='ocrx_word' id='word_1_98' title='bbox 158 1546 162 1554; x_wconf 71' lang='grc'><strong>,</strong></span> <span class='ocrx_word' id='word_1_99' title='bbox 175 1484 331 1546; x_wconf 88' lang='lat' dir='ltr'>scientiam</span> <span class='ocrx_word' id='word_1_100' title='bbox 345 1487 502 1563; x_wconf 85' lang='lat' dir='ltr'>complexa</span> <span class='ocrx_word' id='word_1_101' title='bbox 514 1505 615 1549; x_wconf 91' lang='lat' dir='ltr'>rerum</span> <span class='ocrx_word' id='word_1_102' title='bbox 628 1504 715 1546; x_wconf 83' lang='lat' dir='ltr'>sensa</span> <span class='ocrx_word' id='word_1_103' title='bbox 729 1485 838 1546; x_wconf 90' lang='lat' dir='ltr'>mentis</span> <span class='ocrx_word' id='word_1_104' title='bbox 852 1498 883 1547; x_wconf 94' lang='lat' dir='ltr'>et</span> <span class='ocrx_word' id='word_1_105' title='bbox 896 1485 1023 1547; x_wconf 89' lang='lat' dir='ltr'>consilia</span> <span class='ocrx_word' id='word_1_106' title='bbox 1035 1486 1078 1548; x_wconf 92' lang='lat' dir='ltr'>sic</span> <span class='ocrx_word' id='word_1_107' title='bbox 1088 1487 1188 1548; x_wconf 86' lang='lat' dir='ltr'>verbis</span> 
     </span>
     <span class='ocr_line' id='line_1_14' title="bbox 175 1581 1189 1662; baseline 0.002 -18"><span class='ocrx_word' id='word_1_108' title='bbox 175 1581 312 1661; x_wconf 88' lang='lat' dir='ltr'>explicat,</span> <span class='ocrx_word' id='word_1_109' title='bbox 329 1593 362 1642; x_wconf 96' lang='lat' dir='ltr'>ut</span> <span class='ocrx_word' id='word_1_110' title='bbox 383 1602 447 1656; x_wconf 90' lang='lat' dir='ltr'>eos,</span> <span class='ocrx_word' id='word_1_111' title='bbox 464 1581 517 1660; x_wconf 91' lang='lat' dir='ltr'>qui</span> <span class='ocrx_word' id='word_1_112' title='bbox 534 1583 666 1655; x_wconf 85' lang='lat' dir='ltr'>audiant,</span> <span class='ocrx_word' id='word_1_113' title='bbox 685 1601 879 1660; x_wconf 89' lang='lat' dir='ltr'>quocumque</span> <span class='ocrx_word' id='word_1_114' title='bbox 899 1581 1075 1658; x_wconf 87' lang='lat' dir='ltr'>incubuerit,</span> <span class='ocrx_word' id='word_1_115' title='bbox 1091 1585 1189 1662; x_wconf 90' lang='lat' dir='ltr'>possit</span> 
     </span>
     <span class='ocr_line' id='line_1_15' title="bbox 175 1678 1187 1760; baseline 0.003 -20"><span class='ocrx_word' id='word_1_116' title='bbox 175 1678 328 1758; x_wconf 90' lang='lat' dir='ltr'>impellere</span> <span class='ocrx_word' id='word_1_117' title='bbox 336 1702 346 1755; x_wconf 74' lang='lat'>3</span> <span class='ocrx_word' id='word_1_118' title='bbox 366 1699 445 1758; x_wconf 88' lang='lat' dir='ltr'>quae</span> <span class='ocrx_word' id='word_1_119' title='bbox 464 1699 526 1757; x_wconf 93' lang='lat' dir='ltr'>quo</span> <span class='ocrx_word' id='word_1_120' title='bbox 544 1679 639 1741; x_wconf 92' lang='lat' dir='ltr'>maior</span> <span class='ocrx_word' id='word_1_121' title='bbox 659 1678 773 1755; x_wconf 86' lang='lat' dir='ltr'>estvis,</span> <span class='ocrx_word' id='word_1_122' title='bbox 786 1682 846 1740; x_wconf 94' lang='lat' dir='ltr'>hoc</span> <span class='ocrx_word' id='word_1_123' title='bbox 867 1690 913 1740; x_wconf 91' lang='lat' dir='ltr'>est</span> <span class='ocrx_word' id='word_1_124' title='bbox 929 1680 1024 1758; x_wconf 87' lang='lat' dir='ltr'>magis</span> <span class='ocrx_word' id='word_1_125' title='bbox 1038 1682 1187 1760; x_wconf 85' lang='lat' dir='ltr'>probitate</span> 
     </span>
     <span class='ocr_line' id='line_1_16' title="bbox 176 1775 1231 1858; baseline 0.002 -21"><span class='ocrx_word' id='word_1_126' title='bbox 176 1776 327 1855; x_wconf 84' lang='lat' dir='ltr'>iungenda</span> <span class='ocrx_word' id='word_1_127' title='bbox 349 1796 527 1854; x_wconf 90' lang='lat' dir='ltr'>summaque</span> <span class='ocrx_word' id='word_1_128' title='bbox 554 1775 736 1855; x_wconf 80' lang='lat' dir='ltr'>prudentia3</span> <span class='ocrx_word' id='word_1_129' title='bbox 766 1795 892 1854; x_wconf 86' lang='lat' dir='ltr'>quarum</span> <span class='ocrx_word' id='word_1_130' title='bbox 916 1775 1058 1838; x_wconf 89' lang='lat' dir='ltr'>virtutum</span> <span class='ocrx_word' id='word_1_131' title='bbox 1086 1798 1231 1858; x_wconf 75' lang='lat' dir='ltr'>expet-15</span> 
     </span>
     <span class='ocr_line' id='line_1_17' title="bbox 177 1872 1189 1954; baseline 0.002 -19"><span class='ocrx_word' id='word_1_132' title='bbox 177 1875 256 1936; x_wconf 91' lang='lat' dir='ltr'>tibus</span> <span class='ocrx_word' id='word_1_133' title='bbox 274 1874 299 1935; x_wconf 93' lang='lat' dir='ltr'>si</span> <span class='ocrx_word' id='word_1_134' title='bbox 320 1874 442 1936; x_wconf 91' lang='lat' dir='ltr'>dicendi</span> <span class='ocrx_word' id='word_1_135' title='bbox 462 1872 580 1951; x_wconf 89' lang='lat' dir='ltr'>copiam</span> <span class='ocrx_word' id='word_1_136' title='bbox 601 1872 817 1947; x_wconf 86' lang='lat' dir='ltr'>tradiderimus,</span> <span class='ocrx_word' id='word_1_137' title='bbox 834 1893 897 1934; x_wconf 93' lang='lat' dir='ltr'>non</span> <span class='ocrx_word' id='word_1_138' title='bbox 915 1893 968 1935; x_wconf 89' lang='lat' dir='ltr'>eos</span> <span class='ocrx_word' id='word_1_139' title='bbox 982 1873 1106 1954; x_wconf 92' lang='lat' dir='ltr'>quidem</span> <span class='ocrx_word' id='word_1_140' title='bbox 1124 1896 1189 1937; x_wconf 86' lang='lat' dir='ltr'>ora·</span> 
     </span>
     <span class='ocr_line' id='line_1_18' title="bbox 132 1970 1186 2078; baseline 0.004 -47"><span class='ocrx_word' id='word_1_141' title='bbox 132 2035 146 2078; x_wconf 56' lang='grc' dir='ltr'>ί</span> <span class='ocrx_word' id='word_1_142' title='bbox 178 1983 256 2032; x_wconf 92' lang='lat' dir='ltr'>tores</span> <span class='ocrx_word' id='word_1_143' title='bbox 273 1971 467 2044; x_wconf 85' lang='lat' dir='ltr'>effecerimus,</span> <span class='ocrx_word' id='word_1_144' title='bbox 482 1971 537 2032; x_wconf 91' lang='lat' dir='ltr'>sed</span> <span class='ocrx_word' id='word_1_145' title='bbox 555 1970 721 2031; x_wconf 87' lang='lat' dir='ltr'>furentibus</span> <span class='ocrx_word' id='word_1_146' title='bbox 735 1973 885 2049; x_wconf 88' lang='lat' dir='ltr'>quaedam</span> <span class='ocrx_word' id='word_1_147' title='bbox 903 1991 986 2033; x_wconf 85' lang='lat' dir='ltr'>arma</span> <span class='ocrx_word' id='word_1_148' title='bbox 1004 1973 1186 2036; x_wconf 85' lang='lat' dir='ltr'>dederimus.</span> 
     </span>
     <span class='ocr_line' id='line_1_19' title="bbox 133 2033 1188 2176; baseline 0.006 -46"><span class='ocrx_word' id='word_1_149' title='bbox 133 2033 167 2176; x_wconf 48' lang='grc' dir='ltr'>ἐξ</span> <span class='ocrx_word' id='word_1_150' title='bbox 181 2073 281 2146; x_wconf 90' lang='lat' dir='ltr'>Hanc,</span> <span class='ocrx_word' id='word_1_151' title='bbox 295 2069 426 2148; x_wconf 91' lang='lat' dir='ltr'>inquam,</span> <span class='ocrx_word' id='word_1_152' title='bbox 443 2069 595 2148; x_wconf 86' lang='lat' dir='ltr'>cogitandi</span> <span class='ocrx_word' id='word_1_153' title='bbox 613 2071 886 2150; x_wconf 87' lang='lat' dir='ltr'>pronuntiandique</span> <span class='ocrx_word' id='word_1_154' title='bbox 904 2072 1051 2134; x_wconf 89' lang='lat' dir='ltr'>rationem</span> <span class='ocrx_word' id='word_1_155' title='bbox 1064 2073 1188 2153; x_wconf 89' lang='lat' dir='ltr'>vimque</span> 
     </span>
     <span class='ocr_line' id='line_1_20' title="bbox 178 2166 1187 2247; baseline 0.005 -18"><span class='ocrx_word' id='word_1_156' title='bbox 178 2167 300 2229; x_wconf 90' lang='lat' dir='ltr'>dicendi</span> <span class='ocrx_word' id='word_1_157' title='bbox 323 2178 437 2229; x_wconf 90' lang='lat' dir='ltr'>veteres</span> <span class='ocrx_word' id='word_1_158' title='bbox 462 2166 570 2229; x_wconf 87' lang='lat' dir='ltr'>Graeci</span> <span class='ocrx_word' id='word_1_159' title='bbox 597 2167 773 2247; x_wconf 89' lang='lat' dir='ltr'>sapientiam</span> <span class='ocrx_word' id='word_1_160' title='bbox 797 2168 1015 2246; x_wconf 87' lang='lat' dir='ltr'>nominabant;</span> <span class='ocrx_word' id='word_1_161' title='bbox 1044 2170 1116 2232; x_wconf 93' lang='lat' dir='ltr'>hinc</span> <span class='ocrx_word' id='word_1_162' title='bbox 1144 2172 1187 2234; x_wconf 92' lang='lat' dir='ltr'>illi</span> 
     </span>
     <span class='ocr_line' id='line_1_21' title="bbox 178 2263 1233 2343; baseline 0.006 -19"><span class='ocrx_word' id='word_1_163' title='bbox 178 2263 311 2342; x_wconf 85' lang='lat' dir='ltr'>Lycurgi,</span> <span class='ocrx_word' id='word_1_164' title='bbox 325 2264 396 2325; x_wconf 92' lang='lat' dir='ltr'>hinc</span> <span class='ocrx_word' id='word_1_165' title='bbox 411 2263 524 2338; x_wconf 87' lang='lat' dir='ltr'>Pittaci,</span> <span class='ocrx_word' id='word_1_166' title='bbox 538 2264 609 2326; x_wconf 93' lang='lat' dir='ltr'>hinc</span> <span class='ocrx_word' id='word_1_167' title='bbox 623 2267 750 2327; x_wconf 91' lang='lat' dir='ltr'>Solones</span> <span class='ocrx_word' id='word_1_168' title='bbox 762 2276 854 2343; x_wconf 82' lang='lat' dir='ltr'>atque</span> <span class='ocrx_word' id='word_1_169' title='bbox 866 2266 906 2327; x_wconf 90' lang='lat' dir='ltr'>ab</span> <span class='ocrx_word' id='word_1_170' title='bbox 920 2269 978 2329; x_wconf 88' lang='lat' dir='ltr'>hac</span> <span class='ocrx_word' id='word_1_171' title='bbox 991 2267 1188 2331; x_wconf 89' lang='lat' dir='ltr'>similitudine</span> <span class='ocrx_word' id='word_1_172' title='bbox 1203 2292 1233 2330; x_wconf 70' lang='grc' dir='ltr'>ιο</span> 
     </span>
     <span class='ocr_line' id='line_1_22' title="bbox 178 2361 1188 2441; baseline 0.001 -15"><span class='ocrx_word' id='word_1_173' title='bbox 178 2361 359 2426; x_wconf 89' lang='lat' dir='ltr'>Coruncanii</span> <span class='ocrx_word' id='word_1_174' title='bbox 378 2361 483 2437; x_wconf 90' lang='lat' dir='ltr'>nostri,</span> <span class='ocrx_word' id='word_1_175' title='bbox 497 2362 633 2437; x_wconf 82' lang='lat' dir='ltr'>Fabricii,</span> <span class='ocrx_word' id='word_1_176' title='bbox 649 2365 789 2438; x_wconf 88' lang='lat' dir='ltr'>Catones,</span> <span class='ocrx_word' id='word_1_177' title='bbox 805 2363 961 2441; x_wconf 87' lang='lat' dir='ltr'>Scipiones</span> <span class='ocrx_word' id='word_1_178' title='bbox 980 2367 1106 2441; x_wconf 83' lang='lat' dir='ltr'>suerunt,</span> <span class='ocrx_word' id='word_1_179' title='bbox 1123 2388 1188 2429; x_wconf 89' lang='lat' dir='ltr'>non</span> 
     </span>
     <span class='ocr_line' id='line_1_23' title="bbox 160 2460 1186 2539; baseline 0.007 -19"><span class='ocrx_word' id='word_1_180' title='bbox 160 2469 239 2529; x_wconf 75' lang='lat' dir='ltr'>‚tam</span> <span class='ocrx_word' id='word_1_181' title='bbox 260 2462 384 2523; x_wconf 83' lang='lat' dir='ltr'>sortasse</span> <span class='ocrx_word' id='word_1_182' title='bbox 403 2460 495 2535; x_wconf 92' lang='lat' dir='ltr'>docti,</span> <span class='ocrx_word' id='word_1_183' title='bbox 517 2462 572 2523; x_wconf 91' lang='lat' dir='ltr'>sed</span> <span class='ocrx_word' id='word_1_184' title='bbox 592 2460 708 2539; x_wconf 90' lang='lat' dir='ltr'>impetu</span> <span class='ocrx_word' id='word_1_185' title='bbox 728 2461 838 2522; x_wconf 84' lang='lat' dir='ltr'>mentis</span> <span class='ocrx_word' id='word_1_186' title='bbox 859 2461 948 2523; x_wconf 90' lang='lat' dir='ltr'>simili</span> <span class='ocrx_word' id='word_1_187' title='bbox 970 2475 1001 2525; x_wconf 90' lang='lat' dir='ltr'>et</span> <span class='ocrx_word' id='word_1_188' title='bbox 1022 2467 1186 2528; x_wconf 80' lang='lat' dir='ltr'>voluntate</span> 
     </span>
     <span class='ocr_line' id='line_1_24' title="bbox 178 2557 1189 2637; baseline 0.006 -18"><span class='ocrx_word' id='word_1_189' title='bbox 178 2560 295 2620; x_wconf 86' lang='lat' dir='ltr'>Eadem</span> <span class='ocrx_word' id='word_1_190' title='bbox 315 2569 416 2621; x_wconf 89' lang='lat' dir='ltr'>autem</span> <span class='ocrx_word' id='word_1_191' title='bbox 438 2557 488 2619; x_wconf 89' lang='lat' dir='ltr'>alii</span> <span class='ocrx_word' id='word_1_192' title='bbox 511 2558 679 2637; x_wconf 87' lang='lat' dir='ltr'>prudentia,</span> <span class='ocrx_word' id='word_1_193' title='bbox 701 2561 755 2620; x_wconf 87' lang='lat' dir='ltr'>sed</span> <span class='ocrx_word' id='word_1_194' title='bbox 778 2559 904 2621; x_wconf 90' lang='lat' dir='ltr'>consilio</span> <span class='ocrx_word' id='word_1_195' title='bbox 926 2562 966 2622; x_wconf 87' lang='lat' dir='ltr'>ad</span> <span class='ocrx_word' id='word_1_196' title='bbox 987 2561 1065 2624; x_wconf 86' lang='lat' dir='ltr'>vitae</span> <span class='ocrx_word' id='word_1_197' title='bbox 1087 2565 1189 2625; x_wconf 86' lang='lat' dir='ltr'>studia</span> 
     </span>
     <span class='ocr_line' id='line_1_25' title="bbox 176 2655 1189 2738; baseline 0.006 -20"><span class='ocrx_word' id='word_1_198' title='bbox 176 2655 287 2735; x_wconf 85' lang='lat' dir='ltr'>dispari</span> <span class='ocrx_word' id='word_1_199' title='bbox 308 2655 441 2734; x_wconf 91' lang='lat' dir='ltr'>quietem</span> <span class='ocrx_word' id='word_1_200' title='bbox 461 2667 552 2735; x_wconf 91' lang='lat' dir='ltr'>atque</span> <span class='ocrx_word' id='word_1_201' title='bbox 573 2656 668 2718; x_wconf 90' lang='lat' dir='ltr'>otium</span> <span class='ocrx_word' id='word_1_202' title='bbox 688 2657 792 2731; x_wconf 89' lang='lat' dir='ltr'>secuti,</span> <span class='ocrx_word' id='word_1_203' title='bbox 812 2663 846 2718; x_wconf 87' lang='lat' dir='ltr'>ut</span> <span class='ocrx_word' id='word_1_204' title='bbox 866 2662 1055 2738; x_wconf 85' lang='lat' dir='ltr'>Pythagoras,</span> <span class='ocrx_word' id='word_1_205' title='bbox 1076 2664 1189 2724; x_wconf 81' lang='lat' dir='ltr'>Demo</span> 
     </span>
     <span class='ocr_line' id='line_1_26' title="bbox 177 2755 1231 2839; baseline 0 -22"><span class='ocrx_word' id='word_1_206' title='bbox 177 2755 277 2830; x_wconf 92' lang='lat' dir='ltr'>critus‚</span> <span class='ocrx_word' id='word_1_207' title='bbox 291 2758 490 2832; x_wconf 84' lang='lat' dir='ltr'>Anaxagoras,</span> <span class='ocrx_word' id='word_1_208' title='bbox 506 2774 525 2815; x_wconf 91' lang='lat' dir='ltr'>a</span> <span class='ocrx_word' id='word_1_209' title='bbox 541 2755 678 2834; x_wconf 86' lang='lat' dir='ltr'>regendis</span> <span class='ocrx_word' id='word_1_210' title='bbox 697 2755 866 2818; x_wconf 89' lang='lat' dir='ltr'>civitatibus</span> <span class='ocrx_word' id='word_1_211' title='bbox 888 2770 967 2820; x_wconf 91' lang='lat' dir='ltr'>totos</span> <span class='ocrx_word' id='word_1_212' title='bbox 987 2779 1019 2820; x_wconf 92' lang='lat' dir='ltr'>se</span> <span class='ocrx_word' id='word_1_213' title='bbox 1032 2761 1073 2821; x_wconf 87' lang='lat' dir='ltr'>ad</span> <span class='ocrx_word' id='word_1_214' title='bbox 1087 2759 1188 2839; x_wconf 86' lang='lat' dir='ltr'>cogni-</span> <span class='ocrx_word' id='word_1_215' title='bbox 1203 2781 1231 2832; x_wconf 79' lang='lat'>²⁵</span> 
     </span>
     <span class='ocr_line' id='line_1_27' title="bbox 177 2853 1189 2937; baseline 0.006 -24"><span class='ocrx_word' id='word_1_216' title='bbox 177 2853 291 2914; x_wconf 90' lang='lat' dir='ltr'>tionem</span> <span class='ocrx_word' id='word_1_217' title='bbox 313 2873 411 2914; x_wconf 90' lang='lat' dir='ltr'>rerum</span> <span class='ocrx_word' id='word_1_218' title='bbox 435 2856 666 2930; x_wconf 82' lang='lat' dir='ltr'>transtulerunt3</span> <span class='ocrx_word' id='word_1_219' title='bbox 696 2876 775 2934; x_wconf 90' lang='lat' dir='ltr'>quae</span> <span class='ocrx_word' id='word_1_220' title='bbox 798 2855 859 2915; x_wconf 89' lang='lat' dir='ltr'>vita</span> <span class='ocrx_word' id='word_1_221' title='bbox 882 2868 1004 2935; x_wconf 91' lang='lat' dir='ltr'>propter</span> <span class='ocrx_word' id='word_1_222' title='bbox 1025 2858 1189 2937; x_wconf 90' lang='lat' dir='ltr'>tranquilli·</span> 
     </span>
     <span class='ocr_line' id='line_1_28' title="bbox 178 2951 1189 3034; baseline 0.005 -23"><span class='ocrx_word' id='word_1_223' title='bbox 178 2962 270 3012; x_wconf 91' lang='lat' dir='ltr'>tatem</span> <span class='ocrx_word' id='word_1_224' title='bbox 291 2961 321 3011; x_wconf 90' lang='lat' dir='ltr'>et</span> <span class='ocrx_word' id='word_1_225' title='bbox 341 2961 461 3029; x_wconf 91' lang='lat' dir='ltr'>propter</span> <span class='ocrx_word' id='word_1_226' title='bbox 482 2951 574 3031; x_wconf 89' lang='lat' dir='ltr'>ipsius</span> <span class='ocrx_word' id='word_1_227' title='bbox 596 2953 738 3016; x_wconf 87' lang='lat' dir='ltr'>scientiae</span> <span class='ocrx_word' id='word_1_228' title='bbox 758 2954 942 3029; x_wconf 87' lang='lat' dir='ltr'>suavitatem,</span> <span class='ocrx_word' id='word_1_229' title='bbox 966 2974 1027 3034; x_wconf 93' lang='lat' dir='ltr'>qua</span> <span class='ocrx_word' id='word_1_230' title='bbox 1046 2954 1121 3016; x_wconf 91' lang='lat' dir='ltr'>nihil</span> <span class='ocrx_word' id='word_1_231' title='bbox 1142 2966 1189 3016; x_wconf 87' lang='lat' dir='ltr'>est</span> 
     </span>
     <span class='ocr_line' id='line_1_29' title="bbox 180 3047 1187 3132; baseline 0.004 -23"><span class='ocrx_word' id='word_1_232' title='bbox 180 3047 353 3109; x_wconf 89' lang='lat' dir='ltr'>hominibus</span> <span class='ocrx_word' id='word_1_233' title='bbox 370 3048 537 3124; x_wconf 91' lang='lat' dir='ltr'>iucundius,</span> <span class='ocrx_word' id='word_1_234' title='bbox 553 3053 653 3132; x_wconf 91' lang='lat' dir='ltr'>pluris,</span> <span class='ocrx_word' id='word_1_235' title='bbox 670 3074 760 3132; x_wconf 88' lang='lat' dir='ltr'>quam</span> <span class='ocrx_word' id='word_1_236' title='bbox 779 3053 852 3115; x_wconf 87' lang='lat' dir='ltr'>utile</span> <span class='ocrx_word' id='word_1_237' title='bbox 872 3052 928 3116; x_wconf 84' lang='lat' dir='ltr'>suit</span> <span class='ocrx_word' id='word_1_238' title='bbox 946 3053 1035 3114; x_wconf 89' lang='lat' dir='ltr'>rebus</span> <span class='ocrx_word' id='word_1_239' title='bbox 1048 3052 1187 3131; x_wconf 90' lang='lat' dir='ltr'>publicis,</span> 
     </span>
     <span class='ocr_line' id='line_1_30' title="bbox 135 3145 1187 3228; baseline 0.004 -21"><span class='ocrx_word' id='word_1_240' title='bbox 135 3152 168 3207; x_wconf 81' lang='lat' dir='ltr'>st</span> <span class='ocrx_word' id='word_1_241' title='bbox 181 3145 346 3207; x_wconf 89' lang='lat' dir='ltr'>delectavit.</span> <span class='ocrx_word' id='word_1_242' title='bbox 391 3151 505 3226; x_wconf 90' lang='lat' dir='ltr'>Itaque,</span> <span class='ocrx_word' id='word_1_243' title='bbox 522 3161 555 3210; x_wconf 92' lang='lat' dir='ltr'>ut</span> <span class='ocrx_word' id='word_1_244' title='bbox 571 3150 600 3211; x_wconf 96' lang='lat' dir='ltr'>ei</span> <span class='ocrx_word' id='word_1_245' title='bbox 618 3150 718 3212; x_wconf 90' lang='lat' dir='ltr'>studio</span> <span class='ocrx_word' id='word_1_246' title='bbox 739 3171 772 3212; x_wconf 95' lang='lat' dir='ltr'>se</span> <span class='ocrx_word' id='word_1_247' title='bbox 792 3149 1046 3212; x_wconf 88' lang='lat' dir='ltr'>excellentissimis</span> <span class='ocrx_word' id='word_1_248' title='bbox 1059 3149 1187 3228; x_wconf 84' lang='lat' dir='ltr'>ingeniis</span> 
     </span>
     <span class='ocr_line' id='line_1_31' title="bbox 180 3245 1232 3321; baseline 0 -17"><span class='ocrx_word' id='word_1_249' title='bbox 180 3245 318 3307; x_wconf 86' lang='lat' dir='ltr'>homines</span> <span class='ocrx_word' id='word_1_250' title='bbox 336 3247 524 3320; x_wconf 90' lang='lat' dir='ltr'>dediderunt,</span> <span class='ocrx_word' id='word_1_251' title='bbox 540 3267 576 3308; x_wconf 86' lang='lat' dir='ltr'>ex</span> <span class='ocrx_word' id='word_1_252' title='bbox 594 3267 631 3308; x_wconf 90' lang='lat' dir='ltr'>ea</span> <span class='ocrx_word' id='word_1_253' title='bbox 647 3268 764 3309; x_wconf 90' lang='lat' dir='ltr'>summa</span> <span class='ocrx_word' id='word_1_254' title='bbox 784 3249 924 3309; x_wconf 84' lang='lat' dir='ltr'>facultate</span> <span class='ocrx_word' id='word_1_255' title='bbox 937 3246 1024 3307; x_wconf 86' lang='lat' dir='ltr'>vacui</span> <span class='ocrx_word' id='word_1_256' title='bbox 1043 3266 1080 3308; x_wconf 90' lang='lat' dir='ltr'>ac</span> <span class='ocrx_word' id='word_1_257' title='bbox 1100 3246 1187 3309; x_wconf 90' lang='lat' dir='ltr'>liberi</span> <span class='ocrx_word' id='word_1_258' title='bbox 1200 3267 1232 3321; x_wconf 78' lang='lat'>3⁰</span> 
     </span>
     <span class='ocr_line' id='line_1_32' title="bbox 180 3342 1187 3423; baseline 0.002 -21"><span class='ocrx_word' id='word_1_259' title='bbox 180 3342 322 3421; x_wconf 88' lang='lat' dir='ltr'>temporis</span> <span class='ocrx_word' id='word_1_260' title='bbox 333 3348 427 3408; x_wconf 90' lang='lat' dir='ltr'>multo</span> <span class='ocrx_word' id='word_1_261' title='bbox 441 3347 634 3423; x_wconf 80' lang='lat' dir='ltr'>pluraquam</span> <span class='ocrx_word' id='word_1_262' title='bbox 650 3356 711 3406; x_wconf 86' lang='lat' dir='ltr'>erat</span> <span class='ocrx_word' id='word_1_263' title='bbox 724 3364 854 3418; x_wconf 89' lang='lat' dir='ltr'>necesse,</span> <span class='ocrx_word' id='word_1_264' title='bbox 868 3342 1034 3405; x_wconf 91' lang='lat' dir='ltr'>doctissimi</span> <span class='ocrx_word' id='word_1_265' title='bbox 1046 3342 1187 3404; x_wconf 87' lang='lat' dir='ltr'>homines</span> 
     </span>
     <span class='ocr_line' id='line_1_33' title="bbox 180 3439 1187 3520; baseline -0.002 -19"><span class='ocrx_word' id='word_1_266' title='bbox 180 3441 243 3502; x_wconf 92' lang='lat' dir='ltr'>otio</span> <span class='ocrx_word' id='word_1_267' title='bbox 257 3439 351 3502; x_wconf 92' lang='lat' dir='ltr'>nimio</span> <span class='ocrx_word' id='word_1_268' title='bbox 365 3453 395 3502; x_wconf 91' lang='lat' dir='ltr'>et</span> <span class='ocrx_word' id='word_1_269' title='bbox 408 3441 534 3520; x_wconf 83' lang='lat' dir='ltr'>ingeniis</span> <span class='ocrx_word' id='word_1_270' title='bbox 548 3440 703 3502; x_wconf 90' lang='lat' dir='ltr'>uberrimis</span> <span class='ocrx_word' id='word_1_271' title='bbox 722 3443 889 3502; x_wconf 89' lang='lat' dir='ltr'>adfluentes</span> <span class='ocrx_word' id='word_1_272' title='bbox 903 3441 1035 3501; x_wconf 88' lang='lat' dir='ltr'>curanda</span> <span class='ocrx_word' id='word_1_273' title='bbox 1048 3439 1106 3499; x_wconf 91' lang='lat' dir='ltr'>sibi</span> <span class='ocrx_word' id='word_1_274' title='bbox 1120 3459 1187 3500; x_wconf 91' lang='lat' dir='ltr'>esse</span> 
     </span>
    </p>
   </div>
   <div class='ocr_carea' id='block_1_3' title="bbox 180 3592 1188 3727">
    <p class='ocr_par' dir='ltr' id='par_1_3' title="bbox 180 3592 1188 3727">
     <span class='ocr_line' id='line_1_34' title="bbox 214 3592 1188 3659; baseline -0.004 -12"><span class='ocrx_word' id='word_1_275' title='bbox 214 3612 229 3659; x_wconf 82' lang='lat'>3</span> <span class='ocrx_word' id='word_1_276' title='bbox 246 3598 384 3647; x_wconf 78' lang='lat' dir='ltr'>oratoriam</span> <span class='ocrx_word' id='word_1_277' title='bbox 400 3596 497 3644; x_wconf 68' lang='lat' dir='ltr'>seclusit</span> <span class='ocrx_word' id='word_1_278' title='bbox 509 3595 577 3643; x_wconf 76' lang='lat' dir='ltr'>Bake</span> <span class='ocrx_word' id='word_1_279' title='bbox 684 3609 700 3656; x_wconf 85' lang='lat'>5</span> <span class='ocrx_word' id='word_1_280' title='bbox 716 3594 812 3644; x_wconf 87' lang='lat' dir='ltr'>Verum</span> <span class='ocrx_word' id='word_1_281' title='bbox 823 3592 847 3642; x_wconf 90' lang='lat' dir='ltr'><em>L</em></span> <span class='ocrx_word' id='word_1_282' title='bbox 858 3594 928 3645; x_wconf 85' lang='lat' dir='ltr'>codd.</span> <span class='ocrx_word' id='word_1_283' title='bbox 936 3593 1050 3659; x_wconf 80' lang='lat' dir='ltr'>pim&#39;que</span> <span class='ocrx_word' id='word_1_284' title='bbox 1155 3608 1188 3644; x_wconf 80' lang='grc' dir='ltr'>ιο</span> 
     </span>
     <span class='ocr_line' id='line_1_35' title="bbox 180 3657 1120 3727; baseline -0.006 -13"><span class='ocrx_word' id='word_1_285' title='bbox 180 3679 268 3727; x_wconf 78' lang='lat' dir='ltr'>specte</span> <span class='ocrx_word' id='word_1_286' title='bbox 280 3670 367 3713; x_wconf 77' lang='lat' dir='ltr'>tamen</span> <span class='ocrx_word' id='word_1_287' title='bbox 379 3668 420 3710; x_wconf 83' lang='lat' dir='ltr'>est</span> <span class='ocrx_word' id='word_1_288' title='bbox 431 3660 482 3709; x_wconf 75' lang='lat' dir='ltr'>elia</span> <span class='ocrx_word' id='word_1_289' title='bbox 492 3659 586 3711; x_wconf 67' lang='lat' dir='ltr'>Sakatia</span> <span class='ocrx_word' id='word_1_290' title='bbox 695 3661 725 3710; x_wconf 86' lang='lat'>18</span> <span class='ocrx_word' id='word_1_291' title='bbox 742 3660 844 3722; x_wconf 82' lang='lat' dir='ltr'>inquam</span> <span class='ocrx_word' id='word_1_292' title='bbox 856 3660 924 3725; x_wconf 78' lang='lat' dir='ltr'>vulg.</span> <span class='ocrx_word' id='word_1_293' title='bbox 938 3676 945 3710; x_wconf 77' lang='lat' dir='ltr'>r</span> <span class='ocrx_word' id='word_1_294' title='bbox 961 3674 1038 3722; x_wconf 82' lang='lat' dir='ltr'>quam</span> <span class='ocrx_word' id='word_1_295' title='bbox 1050 3657 1120 3709; x_wconf 73' lang='lat' dir='ltr'>codd.</span> 
     </span>
    </p>
   </div>
   <div class='ocr_carea' id='block_1_4' title="bbox 0 0 1332 4216">
    <p class='ocr_par' dir='ltr' id='par_1_4' title="bbox 0 0 1332 4216">
     <span class='ocr_line' id='line_1_36' title="bbox 0 0 1332 4216; baseline 0 0"><span class='ocrx_word' id='word_1_296' title='bbox 0 0 1332 4216; x_wconf 95' lang='lat' dir='ltr'> </span> 
     </span>
    </p>
   </div>
  </div>
 </body>
</html>
