2648 4216
79 277 179 338 30118
474 269 518 330 Μ.
540 270 670 330 TVLLI
692 270 925 331 CICERONIS

193 437 298 512 tiones,
316 438 547 517 obiurgationes,
566 438 796 512 consolationes,
818 437 1024 502 miserationes
1040 437 1203 518 omnisque

192 537 232 596 ad
257 556 380 598 omnem
403 535 496 596 animi
519 547 636 598 motum
659 546 689 598 et
711 535 854 614 impulsio
876 546 915 610 et,
938 536 964 597 si
987 536 1029 597 ita
1049 556 1097 598 res
1117 539 1201 610 feret,

133 647 178 700 119
193 632 345 711 mitigatio.
390 633 552 712 Explicatis
576 631 665 712 igitur
691 633 738 693 his
765 632 925 711 generibus
952 653 988 693 ac
1016 633 1116 695 modis
1143 633 1203 694 dis·

193 729 396 809 ceptationum
421 731 557 792 omniurn
581 730 657 791 nihil
679 751 752 791 sane
775 733 815 792 ad
839 750 904 792 rem
925 730 1062 809 pertinet,
1090 731 1202 809 siqua

193 826 224 887 in
238 847 270 888 re
283 827 461 906 discrepavit
474 828 515 888 ab
525 827 642 889 Antoni
654 826 803 888 divisione
816 838 919 888 nostra
931 827 1069 908 partitio:
1091 829 1200 889 eadem
1214 846 1229 897 5

193 935 263 985 sunt
287 925 422 987 membra
445 924 477 986 in
499 924 655 1005 utriusque
681 925 893 1004 disputatione,
919 927 973 986 sed
997 927 1089 1005 paulo
1113 945 1201 986 secus

193 1042 212 1082 a
233 1042 283 1083 me
304 1033 395 1100 atque
416 1022 456 1082 ab
478 1021 530 1084 illo
552 1022 661 1102 partita
681 1043 720 1083 ac
744 1022 862 1084 tributa
907 1024 999 1083 Nunc
1022 1024 1062 1083 ad
1086 1022 1202 1101 reliqua

193 1119 363 1197 progrediar
386 1140 496 1197 meque
516 1120 556 1180 ad
577 1140 679 1180 meum
699 1140 810 1180 munus
831 1140 1020 1198 pensumque
1042 1120 1199 1181 revocabo,

193 1218 274 1276 Nam
298 1237 335 1290 ex
362 1216 419 1276 illis
447 1216 529 1290 locis,
555 1236 632 1294 quos
656 1217 794 1295 exposuit
818 1216 978 1292 Antonius,
1004 1217 1107 1279 omnia
1130 1227 1202 1278 sunt

192 1315 232 1373 ad
252 1333 389 1391 quaeque
407 1333 516 1391 genera
535 1315 745 1391 quaestionum
764 1327 941 1392 argumenta
958 1316 1124 1390 sumenda3
1145 1315 1201 1375 sed
1218 1334 1250 1372 ro

194 1410 258 1471 aliis
272 1410 430 1488 generibus
448 1411 499 1472 alii
517 1412 577 1473 loci
596 1413 690 1491 magis
709 1425 796 1474 erunt
814 1413 881 1492 apti
887 1435 896 1488 3
917 1415 956 1475 de
974 1433 1037 1492 quo
1055 1433 1119 1474 non
1137 1423 1201 1473 tam

194 1507 265 1586 quia
281 1510 404 1586 longum
426 1520 471 1570 est
491 1529 583 1587 quam
605 1509 676 1587 quia
695 1509 887 1589 perspicuum
908 1521 962 1584 est,
978 1509 1039 1571 dici
1059 1509 1134 1570 nihil
1156 1519 1203 1570 est

133 1629 180 1666 120
195 1626 326 1667 necesse.
383 1605 598 1668 Ornatissimae
626 1618 696 1667 sunt
730 1607 819 1686 igitur
845 1607 996 1668 orationes
1030 1627 1092 1680 eae,
1122 1626 1203 1685 quae

193 1702 337 1764 latissime
350 1713 494 1781 vagantur
507 1714 538 1764 et
556 1723 575 1764 a
592 1703 707 1783 privata
726 1701 769 1786 [et
787 1725 806 1764 a
824 1702 977 1786 singulari]
999 1702 1203 1766 controversia

193 1821 226 1862 se
244 1802 284 1862 ad
304 1799 435 1862 universi
454 1800 570 1878 generis
590 1801 651 1861 vim
672 1800 880 1879 explicandam
900 1804 1059 1864 conferunt
1079 1811 1110 1862 et
1129 1820 1203 1862 con·
1220 1820 1247 1871 ¹5

195 1909 320 1972 vertunt,
342 1908 376 1958 ut
393 1897 430 1971 ei,
446 1897 499 1976 qui
516 1898 649 1971 audiant,
664 1910 771 1959 natura
788 1909 819 1959 et
837 1919 946 1977 genere
964 1910 995 1959 et
1013 1897 1152 1960 universa
1169 1917 1203 1958 re

195 1995 315 2075 cognita
338 1997 378 2058 de
401 1995 524 2075 singulis
548 1996 606 2057 reis
629 2007 661 2058 et
689 1996 864 2057 criminibus
888 2008 919 2056 et
946 1996 1048 2058 litibus
1066 2007 1203 2058 statuere

133 2115 178 2154 121
194 2092 319 2173 possint.
385 2097 477 2154 Hanc
514 2095 565 2156 ad⁴
592 2094 843 2156 consuetudinem
881 2094 1099 2156 exercitationis
1137 2114 1201 2167 vos,

194 2193 409 2263 adulescentes,
439 2201 485 2252 est
519 2193 691 2253 cohortatus
719 2191 870 2253 Antonius
904 2202 996 2270 atque
1025 2212 1044 2252 a
1078 2191 1203 2252 minutis

194 2286 387 2366 angustisque
402 2287 675 2350 concertationibus
691 2289 731 2348 ad
750 2308 873 2349 omnem
885 2287 951 2347 ‘vim
968 2288 1202 2366 varietatemque
1217 2309 1250 2346 ro

194 2407 248 2448 vos
272 2385 438 2447 disserendi
462 2387 663 2447 traducendos
685 2385 818 2464 putavit;
846 2405 907 2464 qua
927 2406 959 2447 re
979 2406 1042 2447 non
1064 2398 1110 2448 est
1131 2406 1204 2465 pau·

196 2504 301 2546 corum
328 2484 497 2545 libellorum
521 2485 581 2545 hoc
609 2504 727 2557 munus,
752 2495 786 2544 ut
813 2484 850 2558 ei,
874 2483 927 2563 qui
954 2483 1134 2563 scripserunt
1162 2487 1203 2546 de

195 2582 317 2644 dicendi
337 2580 460 2656 ratione,
482 2581 668 2655 arbitrantur,
695 2602 795 2660 neque
815 2580 981 2643 Tusculani
1001 2592 1092 2660 atque
1112 2580 1203 2642 huius

195 2678 407 2741 ambulationis
437 2677 690 2740 antemeridianae
723 2690 775 2740 aut
810 2690 930 2741 nostrae
963 2679 1203 2759 posmeridianae

195 2774 354 2848 sessionis3
388 2793 451 2835 non
481 2772 563 2835 enirn
590 2776 689 2835 solum
717 2776 855 2835 acuenda
887 2774 976 2836 nobis
1004 2794 1103 2853 neque
1137 2794 1205 2853 pro·
1219 2795 1249 2844 ²5

196 2873 337 2933 cudenda
350 2871 450 2949 lingua
464 2881 516 2945 est,
533 2873 587 2933 sed
602 2874 790 2934 onerandum
804 2874 1080 2951 complendumque
1096 2882 1203 2950 pectus

199 2969 394 3030 maximarum
407 2990 506 3030 rerum
520 2981 551 3031 et
563 2970 757 3050 plurimarum
772 2971 924 3044 suavitate,
940 2969 1035 3049 copia
1051 2969 1201 3031 varietate.

198 3069 310 3128 Nostra
330 3078 375 3128 est
394 3067 543 3129 enim—si
564 3071 657 3130 modo
678 3088 734 3130 nos
754 3081 893 3141 oratores,
916 3066 942 3128 si
961 3065 993 3128 in
1014 3066 1124 3129 civium
1145 3065 1205 3128 dis-

198 3164 425 3243 ceptationibus,
441 3164 466 3227 si
484 3166 516 3227 in
535 3166 681 3245 periculis,
698 3166 723 3227 si
741 3166 773 3227 in
790 3165 1055 3228 deliberationibus
1075 3163 1204 3242 publicis

151 3026 186 3086 31

136 3118 183 3153 122

231 3319 263 3366 M
274 3320 389 3369 =AEH
484 3321 731 3384 5discrepavitM:
748 3319 1002 3384 discrepuitLNon.
1017 3321 1084 3383 vulg.
1154 3327 1156 3334 '
1187 3322 1204 3368 ⁶

199 3386 314 3449 utrisque
327 3388 542 3448 disputationibus
555 3390 576 3437 L
668 3402 698 3450 14
716 3396 770 3437 eta
782 3387 905 3449 singulari
918 3387 950 3435 M
959 3404 965 3435 ε
981 3402 1011 3435 ac
1023 3384 1150 3447 singulari
1160 3384 1184 3432 L
1197 3403 1203 3434 r

199 3451 225 3500 id
238 3458 278 3500 est
289 3467 304 3500 a
315 3453 437 3514 singulari
450 3454 542 3502 maluit
552 3453 694 3502 Frr'edn'clr:
710 3470 725 3503 a
737 3455 835 3516 privata
847 3459 874 3501 et
884 3452 980 3500 seclusit
990 3451 1088 3512 Kayser
1171 3452 1204 3499 16

199 3517 305 3566 audiant
323 3518 389 3567 codd.
402 3537 408 3568 ε
431 3521 538 3568 audiunt
554 3519 650 3568 Schuta
776 3526 883 3567 naturae
899 3533 995 3578 genere
1007 3514 1040 3563 M
1172 3530 1202 3577 17

200 3582 252 3631 reis
271 3583 357 3646 vulga:
381 3584 418 3632 rei
437 3583 471 3632 M
480 3602 485 3632 :
512 3585 589 3632 rebus
608 3582 731 3632 Matthias
828 3598 861 3643 23
877 3582 993 3630 arbitrati
1012 3589 1072 3630 sunt
1092 3578 1201 3644 Loulg.

200 3663 232 3708 24
249 3649 453 3709 promeridianae
466 3648 533 3698 codd.
543 3649 627 3712 plurr.
728 3663 761 3709 ²9
777 3647 800 3696 si
812 3647 838 3694 in
855 3647 983 3709 periculis,
997 3645 1020 3694 si
1036 3647 1064 3694 in
1076 3645 1203 3702 delibera·

199 3712 311 3765 donibus
323 3729 372 3764 om.
387 3713 420 3760 M
