2648 4216
64 254 103 316 25
116 257 166 316 ως
456 243 500 301 Μ.
515 235 651 300 ‘avum
673 240 906 303 crcuuours

178 403 244 485 ipso
259 403 437 468 doctrinam
448 401 565 468 redolet
585 402 887 484 exercitationemque
906 425 1004 485 paene
1017 404 1182 484 puerilem:

177 517 242 565 tum
256 517 287 566 et
301 505 331 566 in
346 525 467 566 sensum
487 505 568 567 etin
587 516 720 568 mentem
739 505 846 567 iudicis
865 504 974 566 intrare
993 524 1057 566 non
1073 514 1180 582 potest,

176 612 246 664 ante
271 603 352 664 enim
374 602 607 681 praeterlabitur,
632 623 724 681 quam
746 614 888 681 percepta
908 614 961 663 est.
1006 604 1067 663 Sed
1090 601 1122 662 in
1145 623 1183 662 eo

175 720 291 778 genere,
308 700 339 760 in
360 720 422 779 quo
443 702 532 778 quale
544 700 589 761 sit
609 700 692 779 quid,
712 699 879 778 ambigitur,
900 699 1014 761 exsistit
1034 699 1125 760 etiam
1146 721 1183 759 ex

176 797 277 876 scripti
297 797 542 876 interpretatione
562 817 652 876 saepe
669 797 833 870 contentio,
849 796 880 857 in
900 817 962 875 quo
978 799 1062 858 nulla
1082 808 1211 877 potest5

176 915 241 956 esse
255 895 312 955 nisi
326 917 363 956 ex
376 895 520 973 ambiguo
539 894 741 957 controversia
750 916 759 969 ;
788 914 859 955 nam
877 893 952 955 illud
973 893 1080 972 ipsum,
1098 898 1182 972 quod

176 993 318 1071 scriptum
337 1011 356 1053 a
376 992 525 1054 sententia
544 992 701 1071 discrepat,
722 1013 817 1071 genus
838 994 994 1071 quoddam
1017 993 1109 1053 habet
1122 1012 1183 1052 am-

177 1090 276 1168 bigui;
306 1092 390 1167 quod
412 1102 477 1151 tum
498 1089 669 1168 explicatur,
695 1111 765 1150 cum
786 1109 823 1150 ea
842 1091 941 1163 verba,
964 1110 1042 1167 quae
1063 1091 1181 1163 desunt,

176 1200 312 1266 suggesta
333 1198 410 1261 sunt,
435 1187 545 1267 quibus
564 1187 675 1249 additis
695 1187 867 1249 defenditur
884 1187 1065 1249 sententiam
1080 1187 1183 1265 scripti

175 1285 363 1364 perspicuam
385 1285 475 1347 fuisse
485 1308 494 1360 ;
523 1307 560 1347 ex
581 1285 796 1364 contrariisque
816 1284 932 1364 scriptis
952 1284 977 1345 si
994 1284 1068 1363 quid
1089 1284 1183 1345 ambi·
1199 1309 1228 1342 10

175 1382 261 1460 gitur,
285 1403 347 1443 non
373 1403 485 1444 novum
512 1403 607 1462 genus
633 1381 771 1457 nascitur,
802 1385 856 1444 sed
879 1381 1038 1462 superioris
1065 1382 1182 1460 generis

66 1518 69 1524 ,
176 1493 266 1542 causa
288 1480 475 1558 duplicatur3
510 1480 604 1558 idque
624 1492 677 1541 aut
698 1501 865 1559 numquam
888 1478 1045 1540 diiudicari
1073 1479 1183 1557 poterit

164 1590 229 1639 >aut
256 1578 298 1639 ita
324 1578 544 1652 diiudicabitur‚
574 1591 609 1639 ut
636 1578 799 1640 referendis
828 1577 993 1656 praeteritis
1024 1577 1123 1638 verbis
1150 1577 1183 1638 id

177 1675 328 1754 scriptum,
344 1678 559 1755 quodcumque
580 1677 786 1748 defendemus,
809 1677 981 1753 suppleatur
991 1697 999 1749 3
1029 1674 1071 1734 ita
1092 1676 1133 1748 fit,
1149 1686 1183 1735 ut

177 1794 271 1834 unum
285 1794 379 1851 genus
388 1773 419 1834 in
434 1773 477 1834 eis
488 1773 594 1847 causis,
607 1794 684 1851 quae
696 1784 817 1851 propter
827 1771 970 1850 scriptum
979 1772 1181 1850 ambiguntur,
1199 1793 1227 1841 ¹5

118 1896 161 1932 ιιι
176 1871 366 1949 relinquatur,
382 1870 408 1931 si
422 1882 467 1932 est
481 1870 624 1948 scriptum
639 1869 754 1949 aliquid
768 1862 916 1948 ambigue.
961 1869 1182 1947 Ambiguorum

176 1981 277 2030 autem
291 1989 361 2028 cum
375 1970 460 2046 plura
473 1987 583 2045 genera
602 1979 680 2041 sunt,
696 1987 774 2045 quae
789 1967 864 2026 mihi
878 1966 1019 2027 videntur
1032 1965 1060 2028 ei
1075 1966 1182 2027 melius

176 2087 273 2138 nosse,
296 2065 348 2142 qui
369 2065 518 2126 dialectici
534 2066 730 2143 appellantur,
747 2064 779 2124 hi
797 2076 898 2126 autem
920 2063 1015 2124 nostri
1036 2063 1179 2140 ignorare,

177 2163 228 2241 qui
242 2183 304 2223 non
313 2162 413 2222 minus
427 2181 516 2223 nosse
530 2162 669 2234 debeant,
680 2173 745 2222 tum
759 2163 833 2223 illud
847 2173 893 2222 est
907 2161 1181 2239 frequentissimum

177 2261 208 2321 in
223 2259 306 2322 omni
320 2259 540 2320 consuetudine
561 2261 608 2321 vel
626 2259 772 2321 sermonis
791 2261 839 2319 vel
857 2258 967 2337 scripti,
983 2279 1053 2319 cum
1068 2258 1182 2320 idcirco
1197 2281 1230 2316 ιο

177 2357 290 2435 aliquid
304 2356 472 2434 ambigitur,
488 2358 572 2435 quod
586 2367 638 2417 aut
659 2358 785 2418 verbum
804 2366 857 2417 aut
874 2357 965 2417 verba
982 2355 1042 2417 sint
1056 2368 1183 2434 praeter-

119 2475 162 2510 ιιι
177 2455 274 2515 missa
320 2456 433 2516 Iterum
453 2467 555 2515 autem
573 2466 710 2534 peccant,
726 2474 796 2514 cum
817 2473 912 2532 genus
933 2455 993 2515 hoc
1014 2473 1180 2528 causarum,

177 2555 260 2630 quod
280 2551 312 2612 in
333 2551 433 2630 scripti
455 2551 697 2631 interpretatione
718 2563 857 2624 versatur,
881 2552 920 2612 ab
941 2550 999 2612 illis
1020 2551 1126 2625 causis,
1150 2551 1181 2611 in

176 2651 294 2731 quibus,
310 2651 406 2727 qualis
420 2671 557 2729 quaeque
575 2671 621 2712 res
641 2649 687 2722 sit,
704 2649 894 2728 disceptatur,
911 2649 1092 2728 seiungunt;
1114 2670 1182 2710 nus·

176 2770 267 2830 quam
289 2749 370 2810 enim
391 2760 452 2809 tam
470 2748 628 2827 quaeritur,
644 2750 734 2826 quale
753 2748 791 2808 sit
805 2768 899 2826 genus
913 2748 1013 2827 ipsum
1033 2747 1075 2809 rei
1089 2768 1181 2824 quam
1196 2773 1208 2806 2
1213 2771 1227 2820 5

176 2849 208 2910 in
224 2849 343 2927 script0,
364 2851 447 2927 quod
468 2859 566 2909 totum
586 2868 605 2908 a
625 2846 695 2908 facti
716 2846 918 2908 controversia
938 2857 1106 2924 separatum
1126 2857 1179 2906 est.

115 2967 161 3014 113
177 2949 224 3008 Ita
246 2947 302 3007 tria
329 2958 399 3006 sunt
426 2945 552 3006 omnino
578 2965 694 3024 genera,
719 2964 797 3022 quae
820 2944 851 3004 in
879 2943 1128 3022 disceptationem
1152 2954 1182 3004 et

175 3043 406 3105 controversiam
428 3045 535 3104 cadere
555 3042 689 3121 possint:
720 3041 794 3121 quid
813 3043 865 3102 fiat
881 3044 993 3102 factum
1013 3043 1182 3101 futurumve

176 3143 221 3216 sit,
231 3153 283 3202 aut
294 3143 382 3219 quale
393 3139 439 3216 sit,
449 3152 501 3201 aut
509 3160 571 3218 quo
582 3143 675 3201 modo
684 3140 868 3213 nominetur3
882 3159 953 3199 nam
964 3138 1038 3199 illud
1047 3138 1179 3216 quidem,

177 3241 260 3320 quod
279 3239 403 3317 quidam
418 3238 525 3300 Graeci
544 3238 720 3316 adiungunt,
738 3242 873 3299 ‘rectene
887 3228 999 3297 factum
1017 3236 1072 3310 sit,’
1083 3246 1181 3296 totum
1196 3251 1228 3299 30

177 3339 209 3400 in
223 3360 260 3401 eo
274 3351 320 3400 est
336 3340 441 3416 ‘quale
455 3337 511 3397 sit'
546 3338 607 3398 Sed
621 3336 681 3397 iam
692 3338 732 3396 ad
743 3336 912 3396 institutum
926 3346 1054 3397 revertar
1068 3355 1179 3395 meum.

121 575 163 634 26

116 678 162 713 110

193 3493 195 3497 ’
211 3488 243 3536 Μ
254 3511 275 3528 =
287 3483 372 3534 AEH
434 3502 450 3534 a
462 3492 515 3533 tum
524 3491 550 3533 et
558 3500 612 3533 recc.
626 3500 720 3546 :quom
729 3490 755 3531 et
762 3482 817 3531 HA
825 3500 832 3534 r
851 3498 908 3531 cum
923 3489 950 3531 et
961 3480 987 3529 E
1050 3497 1065 3543 3
1083 3481 1182 3542 praela·

176 3554 245 3603 bitur
262 3552 325 3600 AE¹
337 3567 371 3612 32
487 3565 502 3612 5
520 3551 732 3612 interpretatione
744 3549 811 3612 vulg.
824 3565 830 3596 t
844 3549 1015 3596 incertatione
1033 3546 1117 3594 AEH
1133 3547 1185 3607 (ln'c

176 3620 274 3667 incerta
291 3654 297 3666 .
318 3653 323 3665 .
342 3653 349 3666 .
369 3617 451 3678 tione)
466 3632 468 3638 ·
571 3631 598 3663 rr
619 3631 671 3664 non
684 3631 778 3663 novum
790 3614 822 3662 H
827 3627 895 3662 raca:
914 3628 1007 3661 novum
1019 3611 1115 3662 AEm:
1133 3611 1181 3660 sed

175 3701 226 3734 om.
238 3685 318 3731 AEm
421 3697 451 3744 13
468 3688 496 3730 ut
507 3681 541 3730 de
554 3681 587 3730 M
682 3696 715 3742 29
731 3680 807 3742 quale
819 3680 853 3728 sit
865 3685 909 3728 aut
920 3694 970 3728 om.
980 3677 1018 3726 M
