2648 4216
96 259 180 317 1043
472 245 515 304 M.
538 245 665 304 TVLLI
687 246 919 307 CICERONIS

193 414 381 493 Peripatetici
401 427 503 478 autem
525 414 615 476 etiam
637 416 712 477 haec
731 416 805 494 ipsa,
820 437 898 494 quae
912 416 1031 496 propria
1045 430 1196 480 oratorum

192 523 279 589 putas
300 532 368 572 esse¹
385 512 561 573 adiumenta
578 523 669 589 atque
693 525 868 574 ornamenta
891 513 1021 588 dicendi,
1040 535 1060 575 a
1081 535 1114 577 se
1134 514 1197 594 peti

191 609 344 670 vincerent
358 622 504 687 oportere,
518 630 555 671 ac
568 631 631 671 non
648 613 745 672 solum
767 610 898 686 meliora,
913 614 967 673 sed
988 612 1078 673 etiam
1099 614 1196 675 multo

191 708 277 784 plura
300 706 492 769 Aristotelem
512 709 815 786 Theophrastumque
836 711 876 770 de
899 708 963 770 istis
983 710 1081 784 rebus,
1103 730 1196 789 quarn

144 826 178 874 44
191 803 290 865 omnis
317 803 439 865 dicendi
466 804 622 883 magistros
650 804 801 883 scripsisse
827 807 1028 866 ostenderent
1083 805 1224 877 Missos5

190 901 268 963 facio
289 902 525 977 mathematicos,
540 902 757 981 grammaticos,
773 903 913 978 musicos,
933 923 1061 981 quorum
1082 905 1195 967 artibus

188 1011 286 1060 vestra
312 999 369 1060 ista
392 999 514 1062 dicendi
537 999 582 1061 vis
603 1020 643 1061 ne
665 1000 789 1060 minima
813 1000 936 1078 quidem
961 1001 1103 1062 societate
1125 1022 1196 1063 con·

188 1095 326 1174 iungitur.
360 1098 461 1173 Quam
475 1097 517 1158 ob
530 1117 593 1158 rem
607 1097 664 1158 ista
677 1109 759 1158 tanta
773 1109 895 1176 tamque
908 1100 1003 1159 multa
1016 1101 1193 1176 profitenda,

189 1194 304 1267 Crasse,
330 1215 393 1255 non
421 1215 550 1270 censeo;
584 1194 655 1256 satis
683 1194 715 1256 id
743 1206 788 1256 est
815 1215 967 1273 magnum,
996 1196 1080 1272 quod
1107 1207 1194 1273 potes

187 1302 344 1368 praestare,
370 1302 403 1351 ut
427 1290 459 1352 in
483 1290 601 1353 iudiciis
625 1312 662 1353 ea
684 1312 782 1366 causa,
808 1311 1031 1370 quamcumque
1054 1304 1086 1354 tu
1107 1293 1191 1368 dicis,
1210 1315 1239 1349 ro

188 1388 293 1452 melior
307 1399 336 1449 et
353 1387 536 1467 probabilior
553 1409 619 1450 esse
632 1389 775 1463 videatur,
790 1401 824 1450 ut
844 1389 876 1450 in
897 1389 1089 1451 contionibus
1110 1403 1142 1451 et
1161 1390 1193 1451 in

187 1484 342 1546 sententiis
363 1484 500 1547 dicendis
520 1487 561 1546 ad
581 1488 823 1564 persuadendum
846 1497 897 1546 tua
918 1485 1079 1563 plurimum
1096 1490 1193 1548 valeat

171 1582 290 1657 ,orati0,
314 1581 446 1661 denique
469 1594 503 1643 ut
526 1583 723 1660 pmdentibus
747 1583 865 1657 diserte,
889 1583 985 1644 stultis
1009 1583 1100 1644 etiam
1123 1605 1193 1646 vere

187 1680 305 1742 videare
319 1679 427 1742 dicere.
471 1683 544 1742 Hoc
563 1680 691 1759 amplius
713 1681 737 1742 si
758 1681 832 1760 quid
853 1681 972 1760 poteris,
988 1702 1051 1742 non
1065 1681 1097 1742 id
1117 1682 1192 1743 mihi

145 1837 174 1878 n
186 1776 335 1839 videbitur
362 1789 469 1852 orator,
498 1779 552 1839 sed
580 1780 704 1840 Crassus
732 1798 786 1839 sua
813 1780 944 1856 quadam
972 1777 1099 1856 propria,
1128 1798 1191 1840 non
1208 1802 1236 1850 ¹5

140 1927 173 1976 45
187 1874 341 1936 communi
360 1887 510 1936 oratorum
531 1877 670 1937 facultate
690 1878 797 1954 posse'
838 1878 919 1937 Tum
940 1875 990 1937 ille
1005 1881 1085 1938 ‘non
1105 1879 1192 1937 sum'

186 1973 284 2051 inquit
306 1973 449 2047 ‘nescius
468 1975 619 2047 Scaevola,
639 1973 695 2035 ista
715 1973 792 2035 inter
813 1976 944 2036 Graecos
965 1973 1026 2036 dici
1046 1985 1077 2036 et
1098 1974 1192 2036 disce

186 2070 262 2150 ptari
273 2073 387 2147 solere3
407 2069 508 2132 audivi
519 2069 600 2132 enim
615 2091 749 2133 summos
760 2071 907 2145 homines,
919 2091 989 2131 cum
1000 2082 1141 2149 quaestor
1154 2092 1192 2132 ex

187 2167 369 2230 Macedonia
390 2168 539 2229 venissem
561 2170 704 2242 Athenas,
728 2170 853 2230 florente
874 2168 1048 2242 Academia,
1063 2180 1096 2229 ut
1118 2180 1192 2229 tem-

185 2265 308 2346 poribus
331 2264 388 2326 illis
401 2266 558 2339 ferebatur,
573 2286 643 2326 cum
657 2286 724 2327 eam
739 2266 924 2328 Charmadas
938 2277 969 2327 et
983 2265 1190 2328 Clitomachus
1206 2292 1237 2327 20

185 2375 216 2425 et
229 2363 395 2425 Aeschines
414 2363 612 2438 obtinebant3
632 2373 694 2423 erat
712 2362 802 2424 etiam
825 2364 1026 2436 Metrodorus,
1046 2361 1100 2440 qui
1119 2383 1190 2424 cum

185 2461 242 2523 illis
277 2482 338 2522 una
371 2461 469 2538 ipsum
503 2460 588 2521 illurn
623 2461 810 2522 Carneadem
843 2459 1013 2538 diligentius
1045 2460 1188 2534 audierat,

185 2558 340 2621 hominem
369 2557 505 2619 omnium
526 2557 557 2618 in
579 2556 719 2630 dicend0,
741 2568 774 2617 ut
796 2556 938 2630 ferebant,
961 2557 1138 2619 acerrimum
1159 2567 1190 2617 et

186 2656 426 2736 copiosissimum
438 2679 447 2731 3
490 2656 668 2734 vigebatque
703 2655 822 2717 auditor
862 2656 986 2717 Panaeti
1027 2654 1105 2715 illius
1145 2651 1190 2714 tui

138 2760 173 2826 4⁶
187 2755 384 2814 Mnesarchus
398 2763 428 2814 et
447 2752 634 2831 Peripatetici
653 2752 776 2815 Critolai
798 2752 951 2814 Diodorus
961 2775 970 2828 ;
999 2751 1085 2813 multi
1106 2760 1190 2812 erant
1205 2772 1234 2822 ²5

185 2862 336 2929 praeterea
354 2848 424 2911 clari
442 2849 474 2910 in
492 2849 682 2929 philosophia
700 2863 730 2912 et
744 2852 869 2927 nobiles,
885 2853 1027 2932 aquibus
1048 2850 1189 2913 omnibus

184 2969 245 3009 una
265 2969 361 3027 paene
373 2968 449 3009 voce
469 2947 571 3026 repelli
592 2960 739 3011 oratorem
758 2972 777 3012 a
793 2951 1001 3029 gubernaculis
1025 2949 1188 3022 civitatum,

184 3046 300 3106 excludi
322 3047 362 3106 ab
385 3045 468 3106 omni
493 3046 629 3107 doctrina
651 3069 809 3127 rerumque
833 3049 980 3111 maiorum
1005 3045 1130 3108 scientia
1152 3065 1189 3106 ac

183 3155 301 3204 tantum
328 3143 360 3203 in
391 3143 502 3210 iudicia
533 3156 563 3204 et
591 3146 797 3210 contiunculas
825 3159 979 3226 tamquam
1007 3145 1038 3205 in
1065 3143 1189 3222 aliquod

139 3265 171 3318 ⁴7
184 3239 340 3319 pistrinum
355 3241 473 3301 detrudi
488 3254 518 3304 et
531 3245 683 3326 compingi
700 3246 859 3320 videbam,
879 3247 933 3305 sed
948 3263 1004 3321 ego
1019 3261 1117 3319 neque
1131 3239 1237 3307 illisae

183 3337 373 3399 adsentiebar
391 3361 489 3418 neque
510 3344 615 3404 harum
639 3342 876 3420 disputationum
899 3339 1046 3402 inventori
1065 3351 1095 3400 et
1112 3336 1189 3415 prin·

183 3434 243 3513 cipi
257 3438 346 3514 longe
360 3438 495 3499 omnium
510 3439 540 3500 in
556 3440 686 3501 dicendo
700 3438 874 3517 gravissimo
888 3451 918 3500 et
932 3436 1187 3516 eloquentissimo,

184 3535 310 3609 Platoni,
327 3536 411 3598 cuius
425 3549 489 3598 tum
509 3536 637 3598 Athenis
656 3557 726 3597 curn
746 3536 917 3597 Charmada
939 3530 1109 3610 diligentius
1130 3529 1189 3608 legi

217 3694 250 3744 M
255 3695 340 3744 -HE
437 3709 453 3742 a
470 3699 546 3756 putea
557 3707 667 3743 essem
685 3654 804 3755 putasses
815 3688 849 3738 Μ
961 3704 995 3738 ao
1006 3687 1189 3738 serebaturm:

183 3759 349 3810 ferebantL:
365 3760 462 3809 serebat
471 3757 504 3807 M
