2648 4216
96 272 138 330 30
149 283 197 332 ¹554
488 256 532 316 M.
554 253 936 316 TVLLICICERONIS

193 431 280 499 'cum
299 425 331 488 in
352 422 416 487 vitat
435 423 509 484 nihil
528 423 687 502 quisquam
701 421 861 501 egregium,
871 433 941 498 tum
956 432 1036 483 certe
1049 421 1218 500 hoc,.‘quod

211 534 244 584 tu
259 520 380 600 expetis,
395 541 488 582 nemo
505 541 650 598 umquam
668 521 857 598 adsequetur.
901 521 1011 598 Neque
1024 538 1096 580 vero
1109 539 1163 580 vos
1177 519 1218 579 ad

213 640 279 680 eam
300 640 363 679 rem
384 617 474 679 video
493 637 560 678 esse
579 618 790 691 cohortandos,
806 636 892 695 quos,
908 636 979 677 cum
1000 615 1075 676 mihi
1095 635 1219 695 quoque

152 736 198 787 135
214 716 278 790 sitis,
290 714 417 789 molesti,
432 713 521 775 nimis
539 713 630 775 etiam
648 715 770 791 flagrare
786 713 929 791 intellego
942 711 1114 791 cupiditate
1158 713 1219 773 Sed

213 815 348 891 prolecto
370 810 469 872 studia
487 810 561 872 nihil
580 822 704 888 prosunt
723 810 916 888 perveniendi
933 810 1044 888 aliquo,
1057 809 1118 871 nisi
1134 808 1218 883 illud,
1234 831 1248 880 5

215 911 298 989 quod
312 931 358 984 eo,
373 929 435 987 quo
449 908 596 983 intendas,
611 911 685 970 ferat
698 910 898 987 deducatque,
914 908 1060 986 cognoris.
1104 910 1175 984 Qua
1187 927 1220 968 re

215 1007 359 1085 quoniam
373 1004 447 1065 mihi
461 1004 555 1066 levius
574 1006 729 1083 quoddam
748 1024 825 1066 onus
836 1004 993 1082 imponitis
1007 1007 1106 1082 neque
1120 1024 1157 1065 ex
1170 1023 1221 1064 me

216 1105 255 1165 de
269 1102 392 1165 oratoris
406 1113 477 1176 arte,
493 1104 548 1163 sed
561 1103 600 1163 de
614 1104 672 1163 hac
685 1122 761 1176 mea,
776 1105 1051 1180 quantulacumque
1066 1113 1119 1176 est,
1131 1104 1221 1171 facul·

216 1212 277 1262 tate
296 1199 444 1280 quaeritis,
460 1219 608 1277 exponam
629 1199 715 1260 vobis
735 1219 798 1260 non
819 1201 972 1277 quandam
993 1212 1046 1261 aut
1065 1218 1221 1278 perrecon-

217 1298 310 1360 ditam
337 1309 388 1359 aut
415 1299 503 1358 valde
531 1296 681 1358 difficilem
709 1308 761 1358 aut
795 1297 984 1375 magnificam
1018 1309 1071 1360 aut
1100 1317 1220 1375 gravem
1235 1320 1267 1356 10

217 1395 361 1456 rationem
377 1392 601 1462 consuetudinis
616 1413 708 1468 meae,
724 1414 785 1473 qua
798 1395 952 1471 quondam
966 1393 1071 1455 solitus
1086 1415 1153 1455 sum
1167 1392 1220 1467 uti,

157 1503 203 1568 136
217 1513 287 1554 cum
302 1491 375 1551 mihi
390 1491 421 1551 in
440 1491 497 1552 isto
516 1489 617 1552 studio
639 1489 747 1551 versari
765 1490 951 1552 adulescenti
972 1491 1221 1552 licebat'sTum

218 1588 366 1667 Sulpicius
391 1593 427 1650 ‘o
449 1587 539 1661 diem,
555 1589 653 1660 Cotta,
673 1586 777 1648 nobis'
796 1586 894 1666 inquit
915 1592 1085 1665 ‘optatuml
1113 1586 1222 1662 ¹Quod

219 1686 299 1746 enim
324 1704 423 1762 neque
444 1683 583 1762 precibus
605 1704 749 1762 umquam
771 1704 829 1744 nec
851 1682 1023 1745 insidiando
1044 1704 1102 1745 nec
1120 1703 1224 1761 specu·

219 1783 311 1843 lando
333 1781 458 1860 adsequi
477 1780 570 1859 potui,
586 1791 628 1854 ut,
644 1780 717 1859 quid
736 1782 862 1843 Crassus
878 1793 978 1858 ageret
992 1779 1157 1841 meditandi
1171 1790 1223 1841 aut
1238 1802 1248 1836 ι
1253 1801 1267 1851 5

220 1878 341 1941 dicendi
363 1899 460 1952 causa,
476 1897 539 1938 non
558 1879 652 1938 modo
665 1877 767 1941 videre
785 1876 867 1951 mihi,
884 1879 938 1938 sed
952 1898 989 1938 ex
1003 1877 1067 1938 eius
1081 1876 1224 1954 scriptore

220 1986 250 2036 et
264 1977 374 2036 lectore
389 1974 513 2052 Diphilo
527 1974 669 2052 suspicari
680 1973 788 2049 liceret,
800 1974 833 2036 id
846 1994 934 2053 spero
948 1994 1004 2035 nos
1018 1995 1084 2035 esse
1097 1976 1225 2050 adeptos

221 2071 381 2149 omniaque
396 2070 455 2132 iam
470 2091 507 2132 ex
520 2070 594 2148 ipso,
610 2091 687 2149 quae
702 2071 755 2133 diu
770 2070 916 2149 cupimus,
932 2070 1122 2149 cognituros!
1217 2121 1219 2125 ,

173 2150 207 2209 3¹
261 2172 341 2229 Tum
361 2170 485 2232 Crassus
504 2167 603 2246 ‘atqui
620 2168 753 2242 arbitror,
772 2167 894 2246 Sulpici,
914 2189 984 2229 cum
1004 2166 1142 2240 audieris,
1161 2186 1224 2227 non

162 2237 208 2292 ¹³⁷
221 2277 281 2326 tam
299 2278 328 2326 te
342 2268 417 2327 haec
430 2265 652 2340 admiraturum,
665 2286 742 2344 quae
757 2265 867 2340 dixere,
883 2284 974 2343 quam
989 2264 1224 2326 existimaturum
1240 2289 1271 2324 20

221 2374 294 2436 tum,
305 2383 374 2423 cum
389 2384 425 2423 ea
438 2362 541 2424 audire
551 2363 701 2441 cupiebas,
713 2385 833 2425 causam
845 2385 898 2426 cur
909 2385 1032 2443 cuperes
1043 2384 1105 2424 non
1116 2362 1207 2423 fuisse
1218 2383 1227 2437 ;

221 2460 295 2522 nihil
310 2461 389 2522 enim
404 2460 503 2523 dicam
517 2461 713 2536 reconditum,
730 2461 804 2522 nihil
825 2462 1047 2540 exspectatione
1066 2471 1163 2521 vestra
1183 2459 1227 2520 di·

221 2579 323 2638 gnum,
338 2557 412 2618 nihil
425 2570 477 2619 aut
491 2558 657 2620 inauditum
673 2558 758 2620 vobis
772 2571 824 2620 aut
838 2559 978 2638 cuiquam
991 2579 1110 2620 novum.
1145 2559 1226 2618 Nam

222 2655 376 2736 principio,
389 2656 421 2717 id
431 2658 514 2734 quod
525 2668 569 2717 est
580 2656 703 2717 homine
718 2656 849 2735 ingenuo
864 2656 1083 2734 liberaliterque
1096 2656 1226 2716 educato

224 2755 356 2834 dignum,
371 2774 434 2815 non
448 2754 564 2832 negabo
579 2774 627 2815 me
641 2755 698 2815 ista
712 2754 848 2816 omnium
863 2753 1036 2816 communia
1053 2764 1082 2814 et
1100 2751 1227 2813 contrita
1242 2775 1272 2825 25

163 2871 209 2932 138
223 2863 381 2932 praecepta
394 2850 552 2914 didicisse:
573 2853 703 2931 primum
715 2852 839 2914 oratoris
854 2851 985 2913 officium
997 2871 1063 2912 esse
1074 2849 1174 2915 dicere
1187 2848 1228 2909 ad

224 2950 464 3028 persuadendum
474 2952 718 3024 accommodate;
734 2949 845 3011 deinde
854 2970 920 3010 esse
929 2969 1051 3010 omnem
1061 2946 1227 3008 orationem

224 3059 276 3109 aut
289 3049 328 3108 de
342 3046 475 3108 infinitae
489 3047 530 3109 rei
545 3047 721 3126 quaestione
737 3046 802 3108 sine
817 3046 1023 3124 designatione
1034 3063 1228 3124 personarum

225 3157 255 3207 et
266 3156 434 3222 temporum
442 3158 494 3206 aut
503 3147 541 3206 de
550 3166 581 3206 re
591 3144 677 3206 certis
689 3143 720 3204 in
732 3143 866 3222 personis
875 3164 911 3204 ac
920 3142 1105 3221 temporibus
1114 3144 1211 3202 locata
1221 3160 1229 3214 ;

165 3265 210 3317 139
226 3244 257 3304 in
271 3254 395 3320 utraque
409 3254 509 3304 autem
524 3264 555 3304 re
570 3241 714 3321 quicquid
729 3240 759 3302 in
775 3239 1006 3303 controversiam
1022 3237 1130 3312 veniat,
1145 3235 1177 3297 in
1191 3255 1229 3296 eo
1244 3257 1275 3306 30

226 3340 328 3420 quaeri
339 3343 433 3402 solere
447 3353 498 3402 aut
513 3343 664 3402 factumne
678 3339 716 3401 sit
729 3350 790 3413 aut,
800 3337 825 3400 si
840 3351 885 3400 est
899 3340 1020 3411 factum,
1031 3337 1120 3414 quale
1130 3333 1168 3396 sit
1178 3341 1233 3394 aut

227 3439 316 3502 etiam
331 3459 393 3518 quo
412 3437 534 3500 nomine
548 3447 670 3499 vocetur
688 3448 748 3511 aut,
764 3438 847 3514 quod
862 3456 924 3497 non
942 3434 1018 3496 nulli*
1030 3435 1155 3506 addunt,
1171 3439 1233 3492 rec'«

264 3615 275 3649 1
293 3597 429 3662 quisquam
440 3596 546 3662 Madvig
555 3591 623 3648 Adv.
637 3597 694 3646 ent.
708 3594 742 3647 iii.
755 3597 803 3646 86:
821 3591 1036 3659 quicquamcodd.
1070 3651 1072 3654 Α
1131 3559 1134 3566 -
1201 3602 1231 3651 η

229 3666 358 3729 expiscari
369 3664 496 3728 St'esbym
1020 3679 1021 3682 ¹
