2648 4216
469 257 512 316 M.
535 256 665 316 TVLLI
687 254 920 317 CICERONIS

192 429 280 489 irater
298 438 388 506 atque
405 425 527 506 optime,
543 425 697 487 rhetoricis
715 446 797 486 nunc
818 424 999 503 quibusdam
1014 425 1104 500 libris,
1121 445 1198 504 quos

192 536 224 585 tu
251 524 373 602 agrestis
401 535 496 602 putas,
523 522 665 601 insequor
692 533 725 583 ut
753 522 887 584 erudiam
897 545 907 598 ;
938 522 1012 600 quid
1040 523 1121 583 enim
1146 535 1198 584 tua

191 632 291 699 potest
311 642 376 682 esse
398 621 532 682 oratione
554 633 606 682 aut
627 620 765 681 subtilius
788 633 839 681 aut
858 620 1013 681 ornatius?
1054 622 1114 682 Sed
1135 621 1197 682 sive

190 718 310 791 iudicio,
326 730 360 780 ut
380 721 459 780 soles
472 718 580 792 dicere,
597 718 666 791 sive,
683 729 717 778 ut
735 718 785 779 ille
806 731 890 797 pater
908 719 1097 797 eloquentiae
1111 720 1150 779 de
1165 738 1197 778 se

192 818 338 878 Isocrates
359 815 476 894 scripsit
496 816 568 895 ipse,
593 818 709 895 pudore
733 837 751 876 a
772 815 903 877 dicendo
924 828 954 876 et
975 816 1134 876 timiditate
1155 815 1225 879 in·5

191 933 289 992 genua
311 915 440 991 quadarn
466 913 606 992 refugisti,
633 913 703 987 sive,
729 924 762 973 ut
784 913 849 992 ipse
871 913 962 974 iocari
986 916 1077 986 soleo,
1101 933 1196 973 unum

191 1011 302 1088 putasti
323 1011 393 1072 satis
415 1031 480 1072 esse
503 1032 565 1071 non
586 1014 680 1072 modo
701 1010 733 1070 in
755 1031 816 1072 una
837 1011 948 1072 familia
968 1013 1126 1084 rhetorem,
1143 1011 1197 1071 sed

190 1129 287 1187 paene
306 1108 338 1168 in
357 1119 420 1169 tota
434 1108 561 1182 civitate,
577 1129 639 1169 non
655 1120 756 1169 tamen
775 1107 901 1169 arbitror
915 1108 969 1169 tibi
984 1110 1039 1168 hos
1054 1107 1145 1169 libros
1164 1108 1196 1167 in

191 1227 228 1266 eo
242 1208 305 1267 lore
318 1226 434 1285 genere,
451 1208 534 1284 quod
552 1206 658 1268 merito
677 1216 798 1285 propter
816 1225 928 1279 eorum,
946 1205 997 1283 qui
1016 1207 1056 1267 de
1074 1204 1196 1266 dicendi

190 1303 305 1365 ratione
326 1303 522 1381 disputarunt,
539 1302 723 1364 ieiunitatem
743 1304 890 1364 bonarum
911 1302 1019 1362 artium
1040 1302 1134 1381 possit
1154 1302 1197 1362 in·
1212 1319 1243 1355 10

146 1425 174 1461 11
190 1400 254 1462 ludi
264 1423 273 1476 3
293 1400 367 1461 nihil
386 1400 467 1462 enim
485 1399 559 1461 mihi
578 1400 701 1479 quidem
724 1400 842 1462 videtur
860 1399 892 1459 in
912 1399 1011 1462 Crassi
1032 1412 1062 1460 et
1081 1400 1197 1460 Antoni

191 1518 329 1560 sermone
347 1519 413 1560 esse
428 1498 627 1577 praeteritum,
644 1500 727 1576 quod
745 1497 904 1576 quisquam
921 1496 1045 1558 summis
1059 1497 1195 1575 ingeniis,

191 1595 340 1657 acerrimis
368 1595 481 1668 studiis,
504 1595 619 1673 optima
641 1595 785 1669 doctrina,
812 1595 943 1655 maximo
971 1614 1028 1654 usu
1055 1595 1197 1672 cognosci

191 1713 227 1754 ac
251 1692 364 1771 percipi
384 1692 517 1770 potuisse
541 1692 736 1766 arbitraretur,
761 1695 844 1770 quod
869 1703 901 1753 tu
926 1692 1065 1753 facillime
1085 1692 1197 1771 poteris

192 1790 332 1864 iudicare,
349 1789 401 1868 qui
415 1790 604 1868 prudentiam
618 1790 825 1868 rationemque
839 1789 961 1851 dicendi
975 1810 1029 1868 per
1042 1800 1072 1851 te
1085 1789 1194 1867 ipsum,
1212 1807 1241 1857 15

193 1908 281 1949 usum
305 1898 406 1948 autern
428 1908 482 1966 per
508 1908 565 1948 nos
592 1887 743 1966 percipere
767 1887 895 1949 voluisti.
940 1889 1000 1948 Sed
1023 1907 1084 1965 quo
1109 1887 1197 1948 citius

193 1987 260 2059 hoc,
276 1987 359 2063 quod
376 1984 570 2063 suscepimus,
586 2005 648 2045 non
662 1985 814 2048 mediocre
833 2006 942 2046 munus
962 1986 1110 2046 conficere
1131 2005 1196 2063 pos-

192 2083 293 2156 simus,
320 2081 431 2143 omissa
457 2094 560 2144 nostra
585 2082 795 2145 adhortatione
821 2084 862 2144 ad
889 2103 1002 2157 eorum,
1028 2102 1105 2161 quos
1132 2102 1198 2162 pro

193 2179 356 2259 posuimus,
372 2200 542 2242 sermonem
556 2180 850 2259 disputationemque
864 2179 1027 2241 veniamus.

151 2304 179 2340 η
235 2281 359 2338 Postero
373 2277 460 2356 igitur
474 2277 532 2352 die,
544 2298 635 2356 quam
649 2278 700 2339 illa
713 2288 797 2340 erant
808 2289 882 2352 acta,
895 2280 969 2338 hora
978 2280 1039 2339 lere
1054 2280 1196 2353 secunda,
1213 2295 1244 2330 20

193 2396 264 2437 curn
285 2374 375 2436 etiam
397 2385 461 2436 tum
482 2375 514 2435 in
534 2378 613 2436 lecto
636 2377 761 2438 Crassus
783 2386 861 2436 esset
885 2385 915 2435 et
935 2376 1017 2453 apud
1040 2396 1110 2436 eum
1135 2378 1198 2436 Sul·

192 2473 287 2552 picius
308 2474 433 2547 sederet,
449 2472 600 2534 Antonius
620 2484 721 2534 autem
743 2471 941 2533 inambularet
961 2493 1032 2533 cum
1055 2475 1145 2536 Cotta
1165 2473 1196 2533 in

192 2571 316 2650 porticu,
339 2581 461 2650 repente
482 2590 520 2632 eo
541 2572 579 2647 Q.
603 2572 727 2633 Catulus
749 2591 840 2632 senex
860 2591 930 2631 cum
952 2572 987 2633 C.
1011 2570 1090 2632 lulio
1110 2572 1197 2633 fratre

192 2669 292 2744 venit;
313 2671 396 2746 quod
410 2668 463 2730 ubi
477 2667 598 2740 audivit,
614 2680 783 2729 commotus
798 2670 924 2731 Crassus
943 2669 1067 2730 surrexit
1080 2689 1199 2730 omnes·

194 2787 253 2845 que
267 2765 404 2827 admirati
418 2765 562 2827 maiorem
575 2765 705 2844 aliquam
720 2787 785 2827 esse
799 2787 920 2827 causam
931 2787 1035 2828 eorum
1050 2769 1197 2827 adventus
1212 2781 1242 2832 25

150 2886 181 2935 13
195 2863 335 2943 suspicati
350 2875 427 2924 sunt
471 2863 617 2941 Quicum
635 2864 712 2925 inter
729 2885 768 2937 se,
785 2876 819 2925 ut
835 2864 968 2944 ipsorum
988 2886 1059 2926 usus
1073 2866 1195 2938 serebat,

193 2961 373 3023 amicissime
393 2964 647 3024 consalutassent:
678 2962 767 3040 ‘quid
786 2983 840 3023 vos
861 2964 1024 3024 tandem?'
1073 2964 1198 3025 Crassus

195 3064 286 3119 ‘num
301 3060 463 3138 quidnam'
476 3059 574 3137 inquit
586 3059 672 3120 ‘novi
683 3062 713 3119 i'
737 3059 841 3121 ‘Nihil
855 3062 945 3133 sane,’
960 3059 1057 3137 inquit
1072 3060 1198 3121 Catulus

196 3156 325 3217 ‘etenim
347 3156 431 3218 vides
453 3178 519 3219 esse
544 3159 632 3219 ludos
642 3179 651 3232 ;
675 3159 817 3219 sed-vel
838 3169 871 3219 tu
892 3178 948 3218 nos
969 3156 1087 3235 ineptos
1111 3155 1198 3217 licet'

194 3254 292 3332 inquit
317 3257 380 3316 ‘vel
401 3258 543 3317 molestos
565 3267 763 3334 putes-cum
785 3257 825 3317 ad
848 3276 897 3317 me
919 3255 951 3314 in
975 3255 1198 3315 Tusculanum’
1213 3267 1244 3315 30

195 3351 293 3430 inquit
308 3352 388 3413 ‘heri
401 3352 516 3432 vesperi
530 3352 660 3414 venisset
679 3354 789 3415 Caesar
803 3355 842 3415 de
856 3354 1030 3414 Tusculano
1044 3373 1108 3426 suo,
1123 3351 1199 3413 dixit

227 3508 363 3572 3potest‘.
378 3547 385 3560 .
399 3548 405 3560 .
419 3511 535 3560 ornatius
560 3525 619 3560 esse
636 3511 723 3574 vulga:
747 3511 851 3560 comm't
865 3509 900 3559 ed.
922 3509 1089 3574 Noninberg:
1113 3516 1199 3571 potest

195 3591 255 3625 esse
266 3583 310 3625 tua
321 3575 356 3625 ed.
373 3576 451 3625 Vener.
469 3577 531 3635 1488
597 3576 643 3624 sed
661 3575 783 3638 quoniam
799 3577 854 3625 sive
871 3575 966 3626 iudicio
978 3591 1050 3625 rece:
1074 3576 1198 3637 quoniam

195 3657 267 3690 ome
367 3660 382 3705 4
399 3642 468 3691 soles
480 3640 582 3690 Pearce:
600 3641 672 3690 soleo
684 3641 751 3690 codd.
