2648 4216
472 248 517 308 M.
538 248 667 308 TVLLI
689 247 921 314 CICERONIS

195 419 304 491 essent,
319 428 361 491 tu,
376 417 429 496 qui
443 419 530 479 valde
543 416 700 496 spectandi
716 416 844 495 cupidus
860 437 951 490 esses,
966 436 1029 478 non
1046 415 1198 478 dubitares

195 535 299 592 rogare
322 515 489 590 dominum,
514 527 548 577 ut
571 514 694 593 proferri
717 513 842 588 iuberet,
866 513 1040 592 praesertim
1066 512 1093 574 si
1119 499 1199 574 esset

195 611 365 672 familiaris:
385 611 519 673 similiter
542 631 623 672 nunc
645 622 729 689 petes
748 630 768 671 a
784 612 902 684 Crasso,
922 621 956 671 ut
975 609 1058 670 illam
1078 608 1198 688 copiam

195 719 439 770 ornamentorum
452 728 583 781 suorum,
593 728 685 786 quam
698 719 900 768 constructam
913 727 977 768 uno
987 706 1019 767 in
1029 707 1098 768 loco
1111 704 1198 785 quasi

195 825 249 882 per
268 817 459 866 transennam
475 816 695 885 praetereuntes
714 804 838 865 strictim
854 804 1033 883 aspeximus,
1047 803 1080 864 in
1097 805 1225 876 lucem5

134 907 181 971 1⁶3
195 904 324 979 proferat
337 915 368 964 et
381 923 437 964 suo
451 903 584 982 quidque
597 901 630 962 in
643 904 712 962 loco
725 905 883 963 conlocet'
909 905 993 980 ‘Ego
1003 921 1074 963 vero
1083 902 1091 931 ’
1100 900 1198 978 inquit

196 1000 286 1061 Cotta
307 1004 342 1060 ‘a
358 1011 388 1060 te
404 1011 484 1079 peto,
502 1000 646 1060 Scaevola
658 1019 756 1060 :-me
776 998 858 1060 enim
878 1010 910 1060 et
929 1001 1011 1060 hunc
1031 997 1198 1077 Sulpicium

194 1095 321 1175 impedit
342 1099 440 1176 pudor
463 1099 503 1158 ab
524 1095 647 1158 homine
669 1096 805 1158 omnium
826 1096 1009 1174 gravissimo,
1028 1095 1081 1175 qui
1101 1115 1197 1173 genus

194 1193 284 1255 huius
304 1194 388 1256 modi
409 1193 618 1273 disputationis
639 1214 757 1272 semper
776 1193 997 1272 contempserit,
1016 1195 1100 1266 haec,
1118 1212 1197 1271 quae

195 1290 244 1351 isti
262 1291 384 1352 forsitan
403 1312 563 1371 puerorum
581 1293 731 1353 elementa
746 1290 912 1364 videantur,
929 1288 1082 1369 exquirere
1092 1291 1196 1350 r—sed
1211 1311 1243 1348 ιο

196 1399 228 1449 tu
249 1390 328 1450 hanc
349 1390 437 1451 nobis
457 1389 584 1463 veniam,
599 1390 751 1463 Soaevola,
768 1390 817 1463 da,
834 1400 865 1451 et
883 1391 1001 1468 perfice,
1020 1398 1055 1450 ut
1071 1390 1197 1451 Crassus

195 1487 279 1560 haec,
295 1507 373 1565 quae
393 1487 535 1548 coartavit
555 1497 585 1547 et
605 1498 784 1565 peranguste
801 1485 915 1547 refersit
933 1486 965 1547 in
981 1485 1116 1547 oratione
1132 1506 1195 1560 sua,

132 1589 180 1655 ¹⁶4
195 1583 299 1645 dilatet
309 1584 397 1646 nobis
407 1596 497 1663 atque
507 1583 652 1662 explicet’
678 1587 757 1662 ‘Ego
768 1605 817 1646 me
826 1586 958 1646 hercule’
968 1583 1066 1663 inquit
1075 1583 1197 1646 Mucius

199 1685 303 1742 ‘antea
319 1694 416 1744 vestra
431 1680 524 1759 magis
542 1683 602 1743 hoc
619 1702 708 1743 causa
721 1683 869 1755 volebam,
885 1701 977 1760 quam
995 1701 1063 1742 mea
1071 1703 1081 1756 3
1097 1701 1197 1760 neque

194 1778 274 1840 enim
289 1791 373 1840 tanto
387 1799 477 1858 opere
490 1781 569 1840 hanc
578 1799 598 1839 a
607 1781 716 1842 Crasso
729 1779 964 1858 disputationem
978 1779 1195 1852 desiderabam,
1212 1800 1241 1851 15

194 1889 307 1955 quanto
328 1897 418 1954 opere
438 1875 503 1937 eius
523 1875 555 1936 in
576 1876 673 1938 causis
689 1876 824 1938 oratione
840 1878 974 1938 delector
983 1897 993 1950 3
1015 1897 1097 1937 nunc
1115 1895 1195 1949 vero,

195 1974 310 2046 Crasse,
326 1993 393 2032 mea
406 1992 527 2051 quoque
542 1973 645 2034 teiam
660 1994 750 2034 causa
763 1993 845 2051 rogo,
860 1985 902 2047 ut,
918 1972 1062 2052 quoniam
1078 1984 1195 2033 tantum

194 2071 339 2131 habemus
356 2070 406 2143 oti,
427 2082 573 2149 quantum
590 2070 650 2131 iam
666 2070 719 2132 diu
738 2070 827 2132 nobis
843 2091 906 2131 non
923 2069 1056 2148 contigit,
1077 2089 1117 2130 ne
1134 2089 1197 2147 gra-

193 2165 269 2226 veris
291 2166 483 2227 exaedificare
505 2165 537 2227 id
560 2187 645 2244 opus,
669 2169 753 2244 quod
775 2165 947 2228 instituisti:
970 2169 1098 2227 sormam
1114 2165 1195 2226 enim

158 2261 284 2370 6totius
305 2263 406 2341 negoti
426 2263 568 2341 opinione
589 2263 743 2325 meliorem
763 2264 969 2343 maioremque
988 2263 1086 2338 video,
1104 2284 1195 2342 quam
1210 2286 1242 2321 ro

193 2361 384 2420 vehementer
397 2360 511 2439 probo!
547 2359 742 2422 ‘Enimvero'
753 2360 850 2440 inquit
861 2363 987 2424 Crassus
999 2359 1114 2421 ‘mirari
1124 2360 1195 2422 satis

192 2477 255 2518 non
272 2477 351 2535 queo
371 2457 461 2518 etiarn
478 2468 508 2519 te
526 2459 610 2531 haec,
632 2460 783 2533 Scaevola,
802 2458 979 2532 desiderare,
997 2478 1076 2536 quae
1095 2478 1195 2536 neque

191 2573 248 2631 ego
268 2554 310 2615 ita
328 2565 426 2628 tenen,
444 2554 488 2616 uti
506 2553 543 2628 ei,
564 2554 616 2633 qui
636 2557 756 2630 docent,
774 2577 873 2634 neque
894 2568 964 2618 sunt
983 2555 1049 2617 eius
1068 2554 1193 2633 generis,

191 2663 232 2724 ut,
253 2651 278 2712 si
300 2650 413 2730 optime
435 2663 577 2726 tenerem,
598 2651 690 2730 digna
713 2665 813 2714 essent
833 2653 890 2714 ista
911 2651 1057 2732 sapientia
1078 2672 1114 2712 ac
1135 2650 1195 2712 tuis

189 2747 328 2808 auribus!
371 2747 447 2808 ‘Ain
462 2750 532 2809 tu?'
550 2748 648 2827 inquit
663 2749 732 2810 ille:
752 2750 793 2810 ‘si
807 2752 847 2811 de
860 2749 923 2811 istis
937 2748 1150 2810 communibus
1164 2759 1194 2808 et
1209 2769 1239 2820 ²5

189 2845 353 2922 pervagatis
376 2844 425 2906 vix
448 2845 519 2907 huic
544 2846 634 2908 aetati
658 2847 844 2909 audiendum
868 2859 964 2927 putas,
989 2846 1120 2909 etiamne
1143 2845 1195 2906 illa

189 2944 344 3019 neglegere
356 2962 525 3020 possumus,
536 2964 613 3023 quae
624 2954 657 3004 tu
668 2943 777 3005 oratori
787 2945 998 3022 cognoscenda
1007 2963 1074 3004 esse
1083 2941 1192 3015 dixisti,

190 3038 229 3097 de
248 3038 359 3099 naturis
376 3039 542 3114 hominum,
560 3042 598 3101 de
618 3040 759 3114 moribus,
776 3041 815 3101 de
833 3039 999 3102 rationibus
1015 3039 1067 3112 eis,
1083 3038 1193 3118 quibus

189 3134 345 3196 hominum
356 3149 472 3198 mentes
484 3148 513 3198 et
524 3137 716 3198 incitarentur
726 3149 756 3199 et
765 3137 1002 3217 reprimerentur,
1012 3138 1052 3198 de
1060 3135 1192 3211 historia,

189 3232 228 3291 de
243 3232 428 3311 antiquitate,
447 3236 486 3295 de
504 3232 761 3295 administratione
777 3234 820 3296 rei
836 3234 984 3314 publicae,
1001 3233 1134 3313 denique
1152 3235 1193 3296 de
1207 3255 1240 3306 30

188 3340 291 3389 nostro
307 3329 374 3407 ipso
391 3329 454 3391 iure
471 3329 571 3390 civili?
613 3332 704 3391 Hanc
723 3330 805 3391 enim
821 3351 878 3409 ego
894 3351 1018 3393 omnem
1036 3329 1192 3392 scientiam

132 2401 177 2464 165

220 3484 284 3533 Ma
299 3484 332 3532 H
405 3499 421 3532 a
437 3491 507 3533 met
528 3481 572 3532 H:
590 3499 663 3533 esses
685 3483 738 3532 Lm
874 3502 904 3548 17
928 3492 954 3535 te
978 3486 1027 3535 irim
1050 3485 1191 3550 Kr‘essling:

188 3550 264 3599 etiam
276 3549 343 3599 codd.
429 3550 459 3597 18
476 3549 590 3610 graveris
603 3565 630 3596 m
640 3566 646 3598 ε
663 3564 771 3611 gravere
782 3550 815 3598 H
823 3567 875 3601 mc.
967 3568 1000 3601 ao
1016 3553 1191 3614 maioremque

188 3631 241 3665 nec.
254 3632 261 3664 ε
278 3615 422 3677 graviorem
434 3613 465 3662 H
561 3616 594 3663 aa
611 3616 645 3664 de
656 3615 769 3664 moribus
781 3649 789 3664 .
801 3650 808 3666 .
823 3651 829 3664 .
842 3617 975 3666 hominum
986 3633 1036 3666 om.
1051 3616 1084 3666 M
