2648 4216
97 264 133 323 19
147 261 179 323 ⁸5
472 250 515 309 M.
538 250 665 309 TVLLI
688 250 920 312 CICERONIS

146 429 178 480 86
192 436 296 476 eorum
317 415 443 477 inveniri
463 416 570 477 libellis
580 439 589 491 ;
617 419 701 495 quod
722 417 747 479 si
767 429 881 479 tantam
902 417 963 479 vim
984 439 1084 480 rerum
1107 418 1199 481 maxi·

192 533 307 573 marum
334 525 397 574 arte
424 533 479 574 sua
504 514 643 575 rhetorici
670 514 713 575 illi
743 517 883 576 doctores
918 519 1196 594 complecterentur,

192 612 361 688 quaerebat,
377 631 430 671 cur
444 612 483 671 de
496 611 657 689 prooemiis
670 623 700 672 et
714 613 754 673 de
772 611 896 690 epilogis
911 623 941 673 et
955 614 994 674 de
1008 613 1097 674 huius
1111 612 1197 674 modi

191 707 363 785 nugis-sic
385 707 466 768 enim
486 709 795 786 appellabat-referti
816 721 916 770 essent
938 730 1043 771 eorum
1062 709 1137 785 libri,
1155 712 1196 772 de

191 805 359 867 civitatibus
382 805 580 879 instituendis,
596 808 635 868 de
654 806 819 868 scribendis
837 806 962 885 legibus,
977 809 1017 868 de
1034 807 1194 885 aequitate,
1211 826 1225 876 5

191 904 230 963 de
252 902 371 976 iustitia,
387 905 426 964 de
448 904 517 977 fide,
533 904 572 963 de
593 903 763 981 frangendis
783 903 1005 981 cupiditatibus,
1021 905 1060 965 de
1079 906 1196 966 consor-

190 999 308 1060 mandis
336 1000 494 1060 hominum
523 1000 655 1062 moribus
687 1000 784 1062 littera
811 1003 893 1061 nulla
920 1001 952 1061 in
980 1023 1084 1063 eorum
1112 1001 1195 1063 libris

144 1115 175 1179 87
189 1097 376 1158 inveniretur.
421 1099 493 1176 Ipsa
514 1118 584 1158 vero
606 1110 764 1176 praecepta
785 1098 828 1159 sic
851 1098 987 1160 inludere
1014 1100 1138 1173 solebat,
1162 1111 1195 1160 ut

189 1197 360 1256 ostenderet
388 1215 450 1255 non
475 1197 568 1255 modo
593 1215 645 1256 eos
669 1195 795 1273 expertis
820 1216 886 1257 esse
908 1195 986 1256 illius
1008 1195 1194 1274 prudentiae,

157 1305 158 1308 ’
189 1312 279 1369 quam
300 1290 357 1352 sibi
375 1291 562 1366 asciscerent,
577 1294 632 1354 sed
652 1313 691 1353 ne
711 1295 790 1353 hanc
811 1293 934 1371 quidem
955 1293 1051 1372 ipsam
1073 1294 1195 1355 dicendi
1210 1314 1242 1350 ro

189 1388 335 1449 rationem
362 1409 399 1450 ac
417 1389 504 1454 ,viam
532 1409 640 1450 nosse:
675 1402 765 1468 caput
796 1391 878 1451 enim
905 1411 972 1452 esse
998 1391 1195 1452 arbitrabatur

190 1485 322 1559 oratoris,
342 1498 376 1547 ut
398 1498 428 1547 et
449 1486 513 1564 ipse
535 1486 587 1560 eis,
607 1488 688 1564 apud
706 1507 783 1564 quos
805 1499 913 1566 ageret,
929 1489 1004 1562 talis,
1019 1491 1140 1567 qualem
1162 1510 1195 1550 se

190 1602 256 1643 esse
270 1594 393 1660 optaret,
409 1583 557 1644 videretur
566 1605 575 1658 ;
595 1583 628 1645 id
642 1584 705 1645 fieri
718 1584 796 1645 vitae
814 1584 967 1663 dignitate,
983 1587 1023 1647 de
1041 1607 1101 1664 qua
1119 1587 1195 1647 nihil

191 1680 329 1740 rhetorici
351 1679 399 1741 isti
422 1682 560 1742 doctores
579 1680 610 1740 in
624 1681 789 1759 praeceptis
803 1681 864 1742 suis
879 1682 1086 1760 reliquissent3
1106 1684 1195 1745 etuti

190 1775 218 1835 ei
239 1776 291 1853 qui
310 1776 448 1837 audirent
469 1776 512 1838 sic
532 1778 730 1838 adficerentur
748 1777 864 1851 animis,
880 1791 914 1839 ut
932 1799 985 1840 eos
1001 1779 1091 1840 adfici
1105 1782 1194 1842 vellet
1211 1800 1239 1851 15

190 1884 306 1946 orator;
327 1874 410 1950 quod
424 1872 496 1934 item
510 1873 574 1934 fieri
592 1876 675 1934 nullo
693 1876 785 1935 modo
799 1894 897 1952 posse,
913 1875 970 1936 nisi
984 1889 1143 1954 cognosset
1158 1877 1192 1952 is,

189 1969 242 2046 qui
256 1970 376 2043 diceret,
392 1982 467 2048 quot
481 1970 579 2032 modis
593 1970 750 2031 hominum
766 1983 881 2032 mentes
902 1984 932 2032 et
951 1972 1061 2049 quibus
1080 1984 1111 2034 et
1131 1994 1194 2051 quo

189 2086 297 2144 genere
321 2066 463 2128 orationis
491 2067 522 2127 in
554 2088 706 2146 quamque
733 2080 847 2146 partem
876 2082 1084 2145 moverentu13
1117 2071 1194 2132 haec

188 2177 288 2224 autem
317 2185 382 2225 esse
409 2164 528 2243 penitus
555 2165 587 2226 in
615 2165 714 2226 media
741 2165 932 2244 philosophia
957 2179 1071 2228 retrusa
1101 2179 1194 2245 atque

188 2262 298 2336 abdita,
328 2282 406 2340 quae
433 2262 482 2323 isti
516 2265 647 2323 rhetores
679 2283 717 2323 ne
745 2262 924 2340 primoribus
951 2263 1076 2341 quidem
1103 2265 1193 2326 labris
1209 2288 1240 2324 ιο

143 2371 173 2419 88
187 2359 359 2438 attigissent
405 2363 450 2421 Ea
475 2362 674 2422 Menedemus
699 2360 842 2438 exemplis
870 2359 964 2438 magis
992 2382 1083 2439 quam
1110 2382 1194 2440 argu·

189 2457 296 2518 mentis
329 2458 493 2518 conabatur
527 2459 659 2519 refellere
669 2479 678 2532 ;
713 2457 883 2518 memoriter
911 2458 992 2519 enim
1028 2460 1122 2519 multa
1156 2480 1193 2520 ex

188 2554 371 2616 orationibus
386 2555 585 2616 Demostheni
598 2556 747 2633 praeclare
766 2555 876 2633 scripta
893 2555 1090 2633 pronuntians
1104 2558 1194 2616 doce·
1235 2575 1238 2582 ·

188 2653 238 2712 bat
253 2652 336 2712 illum
347 2651 379 2712 in
392 2651 500 2712 animis
511 2653 558 2712 vel
569 2651 702 2712 iudicum
713 2653 761 2712 vel
775 2651 879 2730 populi
893 2651 925 2712 in
939 2673 1062 2714 omnem
1077 2664 1192 2731 partem

187 2749 317 2811 dicendo
340 2749 549 2828 permovendis
573 2769 635 2810 non
654 2749 745 2809 fuisse
764 2748 908 2827 ignarum,
923 2750 1034 2827 quibus
1053 2770 1089 2810 ea
1102 2752 1192 2811 rebus
1208 2771 1237 2820 ²5

186 2859 425 2924 consequeretur,
437 2866 515 2924 quae
528 2858 648 2923 negaret
661 2846 711 2906 ille
725 2845 790 2907 sine
804 2846 995 2924 philosophia
1008 2866 1192 2925 quemquam

186 2964 274 3005 nosse
283 2964 379 3022 posse.
410 2944 493 3004 Huic
507 2943 707 3021 respondebat
718 2963 780 3003 non
791 2964 824 3004 se
832 2964 940 3021 negare
952 2946 1191 3004 Demosthenem

186 3060 334 3101 summam
359 3041 549 3119 prudentiam
572 3060 781 3118 summamque
805 3040 866 3101 vim
894 3041 1035 3102 habuisse
1059 3040 1189 3115 dicendi,

185 3140 240 3198 sed
252 3138 314 3199 sive
329 3138 378 3199 ille
400 3142 460 3199 hoc
482 3137 602 3216 ingenio
625 3137 771 3215 potuisset
791 3138 861 3211 sive,
877 3137 910 3199 id
927 3139 1012 3216 quod
1031 3149 1189 3212 constaret,

186 3236 317 3296 Platonis
336 3236 488 3298 studiosus
511 3234 654 3296 audiendi
673 3234 785 3309 suisset,
800 3255 862 3296 non
882 3234 956 3313 quid
970 3234 1021 3295 ille
1034 3234 1188 3313 potuisset,
1204 3255 1236 3304 30

141 3355 173 3407 90
185 3334 238 3392 sed
257 3332 331 3410 quid
352 3332 400 3393 isti
419 3334 562 3394 docerent
584 3352 649 3393 esse
671 3333 884 3409 quaerendum
929 3334 1025 3409 Saepe
1046 3331 1137 3392 etiam
1151 3330 1190 3391 in

185 3449 251 3491 eam
265 3441 379 3508 partem
393 3430 542 3490 ferebatur
555 3428 698 3501 oratione,
710 3438 743 3488 ut
758 3428 883 3490 omnino
897 3428 1061 3506 disputaret
1075 3429 1189 3488 nullam

131 2921 173 2965 20

141 3000 172 3061 ⁸9

216 3584 272 3633 M=
278 3585 333 3635 HE
398 3600 428 3633 ra
445 3585 501 3647 ipse
512 3585 544 3634 iis
555 3582 674 3646 Madvig:
696 3582 760 3644 ipsis
772 3581 838 3632 oodd
900 3584 931 3630 16
940 3590 1109 3644 cognosceret
1120 3582 1187 3633 Em:

183 3652 345 3713 cognovisset
355 3649 387 3697 H
475 3663 508 3711 η
525 3663 675 3710 negassem
773 3663 806 3710 3²
824 3649 975 3698 omnimodis
987 3647 1019 3696 M
