2648 4216
110 243 153 292 πο
164 251 197 306 74
485 231 529 290 M.
552 231 681 292 TVLLI
703 232 936 295 CICERONIS

203 394 299 481 [ipse]
317 397 439 459 forsitan
457 397 544 458 vobis
564 397 674 472 videar,
693 398 877 474 detulissem,
898 419 960 460 non
980 399 1094 478 possim
1115 399 1220 463 dicere

202 517 255 559 me
269 499 353 571 haec,
365 515 442 575 quae
456 516 538 557 nunc
552 499 743 574 complector,
759 497 892 574 perinde,
908 508 941 557 ut
955 497 1055 558 dicam
1069 497 1219 559 discenda

200 614 278 667 esse,
294 593 435 656 didicisse
444 615 454 668 3
480 593 592 672 quippe
611 593 663 672 qui
682 593 818 654 omniurn
840 595 1011 655 maturrime
1024 596 1064 656 ad
1078 595 1218 673 publicas

200 711 308 752 causas
328 690 504 752 accesserim
524 710 681 769 annosque
703 702 791 751 natus
812 712 906 752 unum
927 702 958 753 et
974 691 1077 770 viginti
1094 692 1219 754 nobilis-

201 788 314 849 simum
328 787 483 849 hominem
504 798 535 848 et
556 787 834 866 eloquentissimum
853 789 885 848 in
904 788 1048 849 iudicium
1062 790 1195 850 vocarim
1207 808 1245 866 35

203 885 254 947 cui
267 885 425 964 disciplina
438 885 526 947 fuerit
540 888 648 960 forum,
659 886 797 964 magister
812 906 883 947 usus
897 897 927 947 et
941 889 1021 964 leges
1035 898 1065 948 et
1079 887 1217 948 instituta

158 998 191 1054 75
204 982 308 1063 populi
323 982 454 1044 Romani
476 1003 602 1061 mosque
624 984 778 1044 maiorum.
823 987 949 1044 Paulum
969 983 1071 1045 sitiens
1090 984 1215 1046 istarum

202 1081 321 1156 artium,
345 1080 517 1159 dequibus
539 1083 656 1158 loquor,
679 1080 804 1158 gustavi,
829 1092 968 1158 quaestor
992 1080 1024 1140 in
1046 1081 1119 1141 Asia
1143 1102 1215 1142 cum

202 1198 308 1252 essem,
323 1181 480 1256 aequalem
500 1179 561 1238 fere
578 1197 680 1239 meum
701 1197 738 1238 ex
751 1177 917 1239 Academia
933 1180 1082 1239 rhetorem
1096 1190 1215 1254 nactus,

204 1277 412 1336 Metrodorum
434 1275 526 1347 illum,
548 1277 588 1335 de
612 1273 697 1334 cuius
722 1273 866 1334 memoria
886 1274 1131 1335 commemoravit
1152 1279 1215 1336 An·
1232 1295 1261 1332 ιο

202 1373 324 1447 tonius;
355 1383 385 1433 et
405 1372 478 1433 inde
499 1373 650 1433 decedens
670 1372 809 1446 Athenis,
831 1371 883 1432 ubi
905 1391 961 1449 ego
982 1371 1093 1432 diutius
1115 1392 1213 1434 essem

203 1482 346 1545 moratus,
365 1469 423 1530 nisi
443 1469 689 1544 Atheniensibus,
711 1471 794 1548 quod
819 1468 956 1545 mysteria
977 1488 1040 1530 non
1060 1471 1210 1543 referrent,

201 1570 242 1629 ad
261 1588 338 1646 quae
357 1566 451 1628 biduo
472 1567 564 1628 serius
579 1587 725 1640 veneram,
743 1566 977 1628 suscensuissem
987 1589 996 1641 3
1024 1586 1128 1644 quare
1143 1569 1214 1643 hoc,

202 1667 286 1744 quod
307 1667 490 1744 complector
511 1675 625 1725 tantam
646 1663 801 1724 scientiam
822 1664 943 1741 vimque
964 1663 1125 1738 doctrinae,
1148 1685 1213 1725 non

202 1765 295 1823 modo
319 1782 381 1822 non
405 1781 460 1840 pro
483 1782 541 1836 me,
562 1765 616 1823 sed
638 1773 742 1822 contra
766 1781 816 1822 me
837 1771 882 1822 est
904 1761 1107 1840 potius-non
1129 1763 1211 1822 enirn
1230 1782 1257 1834 ¹5

202 1860 276 1938 quid
290 1880 356 1938 ego,
370 1862 424 1920 sed
438 1859 512 1937 quid
531 1871 629 1921 orator
648 1859 742 1938 possit
762 1859 1015 1938 disputo—atque
1032 1861 1088 1919 hos
1103 1859 1210 1932 omnis,

203 1957 254 2034 qui
275 1956 344 2017 artis
366 1956 526 2017 rhetoricas
551 1969 715 2035 exponunt,
735 1957 929 2035 perridiculos
940 1979 949 2032 3
977 1956 1110 2017 scribunt
1130 1957 1214 2018 enim

158 2064 189 2130 7⁶
203 2055 242 2114 de
263 2053 359 2113 litium
381 2074 488 2132 genere
509 2065 539 2114 et
560 2056 599 2115 de
620 2054 771 2133 principiis
792 2066 822 2115 et
843 2057 882 2115 de
902 2054 1119 2115 narrationibus
1130 2077 1139 2129 3
1163 2055 1214 2115 illa

202 2150 246 2210 vis
261 2162 361 2210 autern
376 2151 564 2229 eloquentiae
578 2163 660 2212 tanta
674 2164 727 2226 est,
743 2164 776 2212 ut
791 2152 926 2212 omniurn
940 2173 1048 2227 rerum,
1059 2152 1213 2227 virtutum,

202 2248 367 2308 officiorum
388 2248 546 2326 omnisque
567 2262 698 2323 naturae,
724 2270 801 2328 quae
823 2270 920 2312 mores
945 2251 1112 2326 hominum,
1133 2271 1213 2328 quae
1229 2269 1259 2304 ²0

201 2345 329 2420 animos
348 2365 425 2423 quae
444 2345 535 2406 vitam
556 2347 697 2422 continet,
714 2347 867 2426 originem,
888 2349 948 2409 vim
970 2350 1213 2427 mutationesque

201 2453 311 2518 teneat,
336 2445 443 2505 eadem
465 2463 572 2519 mores,
595 2446 682 2523 leges,
709 2444 772 2505 iura
793 2446 952 2522 describat,
973 2467 1035 2508 rem
1058 2446 1212 2526 publicam

200 2551 292 2617 regat,
317 2540 485 2618 omniaque,
509 2542 549 2602 ad
571 2561 794 2620 quamcumque
818 2563 881 2604 rem
908 2543 1082 2623 pertineant,
1107 2556 1212 2605 ornate

158 2637 383 2719 „copioseque
410 2637 498 2698 dicat.
543 2639 580 2697 In
605 2658 666 2716 quo
693 2660 801 2717 genere
829 2661 884 2701 nos
912 2641 1035 2719 quidem
1059 2661 1213 2702 versamur

201 2745 317 2795 tantum
350 2746 495 2813 quantum
528 2755 698 2815 possumus,
726 2750 872 2815 quantum
902 2738 1032 2817 ingenio,
1062 2750 1211 2817 quantum
1227 2759 1256 2808 25

201 2832 344 2893 mediocri
373 2831 518 2906 doctrina,
541 2845 687 2911 quantum
715 2855 771 2895 usu
799 2837 954 2910 valemus3
984 2856 1084 2914 neque
1108 2848 1211 2896 tamen

200 2929 273 3005 istis,
288 2930 339 3008 qui
357 2930 388 2990 in
409 2950 469 2990 una
490 2931 680 3010 philosophia
700 2932 785 3010 quasi
807 2934 1032 2994 tabernaculum
1046 2933 1123 2994 vitae
1138 2954 1211 2994 suae

151 3085 187 3131 21
200 3030 403 3102 conlocarunt,
433 3030 560 3088 multum
596 3049 668 3090 sane
702 3029 733 3090 in
768 3029 969 3109 disputatione
1003 3030 1208 3092 concedimus.

156 3166 185 3228 73
201 3124 283 3199 Quid
298 3125 378 3185 enim
396 3144 481 3185 meus
499 3125 650 3186 familiaris
665 3128 700 3188 C.
716 3127 848 3188 Velleius
862 3130 977 3190 adferre
993 3139 1102 3206 potest,
1116 3149 1209 3206 quam

199 3220 239 3280 ob
273 3242 335 3282 rem
366 3224 503 3300 voluptas
533 3223 571 3283 sit
602 3244 753 3285 summum
784 3225 910 3301 bonum,
941 3228 1024 3303 quod
1055 3246 1111 3304 ego
1145 3246 1209 3287 non
1226 3244 1255 3293 30

198 3318 348 3396 copiosius
373 3319 486 3399 possim
506 3323 554 3380 vel
582 3321 678 3394 tutari,
701 3321 726 3381 si
746 3321 846 3397 velim,
867 3325 914 3383 vel
936 3325 1067 3384 refellere
1090 3343 1127 3384 ex
1151 3323 1208 3384 illis

233 3489 244 3522 1
264 3474 320 3535 ipse
338 3472 473 3522 damnavit
491 3473 591 3522 Emestt'
723 3491 755 3524 aa
773 3491 859 3526 mores
877 3476 963 3526 codd:
991 3491 1090 3526 morem
1113 3476 1208 3527 Schats

197 3539 326 3652 ffissribat
350 3538 434 3588 codd:
464 3540 586 3589 discribat
605 3540 727 3590 Frt'edn'ch
903 3559 936 3604 29
953 3542 981 3592 C.
1000 3543 1086 3607 uulg1.:
1116 3543 1207 3594 Gallus
