2648 4216
470 272 529 332 DE
550 271 792 332 ORATOREI
1150 290 1191 349 ²8
1204 300 1248 351 ¹0⁵

128 449 222 500 tatem
244 439 309 501 sine
327 460 385 501 usu
403 459 503 516 neque
521 460 558 500 ex
577 439 688 499 scholis
707 439 886 500 cantilenam
905 439 1066 518 requirunt,
1081 440 1136 500 sed

129 556 166 596 ex
193 536 317 598 homine
344 536 491 598 omnium·
512 536 732 614 sapientissimo
765 549 856 614 atque
890 537 1135 616 eloquentissimo

128 645 220 712 atque
234 655 270 694 ex
284 654 330 708 eo,
346 633 398 712 qui
413 654 476 695 non
490 634 522 694 in
536 633 652 707 libellis,
668 635 723 695 sed
736 633 768 695 in
787 634 923 696 maximis
942 636 1039 697 causis
1052 647 1082 696 et
1102 634 1135 695 in

128 732 189 790 hoc
216 730 371 792 domicilio
398 730 504 809 imperi
537 742 567 792 et
599 730 711 809 gloriae
742 730 780 791 sit
814 731 940 792 consilio
975 731 1135 809 linguaque

96 828 276 906 sprinceps
302 828 388 890 cuius
409 828 533 907 vestigia
556 827 695 907 persequi
716 828 849 906 cupiunt,
871 828 935 889 eius
956 829 1134 890 sententiam

128 925 323 986 sciscitantur.
368 925 519 1003 Equidem
542 936 572 986 te
595 945 665 985 curn
688 924 720 985 in
742 924 873 985 dicendo
895 945 1012 1003 semper
1032 925 1135 1003 putavi
1151 931 1198 983 106

128 1023 229 1095 deum,
245 1034 309 1083 tum
323 1043 395 1084 vero
408 1022 463 1083 tibi
482 1043 647 1100 numquam
666 1021 856 1101 eloquentiae
877 1021 1021 1083 maiorem
1045 1021 1135 1083 tribui

127 1121 248 1180 laudem
270 1141 362 1198 quam
386 1121 579 1181 humanitatis
589 1143 598 1195 ;
628 1140 689 1198 qua
713 1141 795 1181 nunc
817 1132 847 1181 te
869 1121 912 1181 uti
935 1122 982 1181 vel
1005 1120 1135 1182 maxime

127 1219 216 1278 decet
238 1239 337 1296 neque
357 1220 497 1296 defugere
519 1239 586 1279 earn
605 1216 848 1296 disputationem,
863 1219 903 1278 ad
922 1238 1013 1296 quarn
1027 1229 1058 1279 te
1071 1219 1134 1280 duo

80 1336 115 1372 ro
127 1316 307 1376 excellentes
320 1315 448 1394 ingeniis
461 1318 670 1378 adulescentes
683 1317 808 1394 cupiunt
821 1318 983 1378 accedere’

171 1415 255 1490 ‘Ego
274 1416 362 1473 vero’
378 1412 476 1491 inquit
496 1412 576 1474 ‘istis
595 1412 723 1490 obsequi
743 1415 851 1474 studeo
872 1434 971 1491 neque
989 1415 1134 1491 gravabor
1151 1436 1195 1488 107

127 1507 256 1570 breviter
272 1530 342 1570 meo
356 1530 448 1583 more,
460 1510 534 1588 quid
549 1529 670 1587 quaque
685 1510 724 1570 de
738 1530 770 1570 re
783 1510 919 1583 sentiam,
935 1510 1042 1571 dicere.
1086 1514 1133 1572 Ae

126 1606 257 1686 primurn
272 1608 532 1687 illud—quoniam
546 1608 754 1669 auctoritatem
769 1619 851 1669 tuam
866 1610 1029 1686 neglegere,
1045 1610 1133 1669 Scae-

126 1705 204 1777 vola
219 1706 264 1766 sas
278 1705 353 1766 mihi
369 1726 432 1767 non
448 1725 515 1766 esse
536 1707 831 1782 puto—respondeo,
850 1704 924 1766 mihi
943 1704 1064 1766 dicendi
1080 1715 1133 1766 aut

81 1823 113 1874 ¹5
127 1804 241 1861 nullam
254 1815 350 1863 artem
363 1815 415 1863 aut
428 1814 604 1880 pertenuem
613 1802 715 1876 videri,
726 1804 781 1864 sed
795 1822 917 1863 omnem
931 1823 997 1864 esse
1011 1815 1132 1863 conten·

127 1897 242 1959 tionem
255 1899 333 1960 inter
346 1899 485 1961 homines
507 1901 615 1961 doctos
632 1899 664 1959 in
678 1898 762 1959 verbi
779 1899 980 1960 controversia
993 1898 1130 1977 positam.

127 1997 209 2055 Nam
222 1995 248 2056 si
261 2016 308 2057 ars
322 1996 364 2056 ita
373 1996 522 2070 definitur,
537 2008 571 2057 ut
584 1998 675 2074 paulo
688 2007 759 2056 ante
772 1995 908 2073 exposuit
923 1996 1081 2069 Antonius,
1097 2016 1133 2056 ex
1149 2006 1195 2056 108

126 2094 216 2154 rebus
225 2094 344 2172 penitus
354 2095 517 2173 perspectis
529 2096 677 2172 planeque
688 2093 815 2171 cognitis
825 2105 915 2171 atque
929 2094 968 2154 ab
982 2093 1133 2171 opinionis

126 2190 248 2252 arbitrio
259 2191 409 2256 ,seiunctis
426 2191 611 2269 scientiaque
629 2190 862 2269 comprehensis,
878 2211 939 2252 non
959 2191 1032 2251 mihi
1052 2191 1134 2252 vide·

81 2310 113 2346 20
126 2298 175 2348 tur
192 2309 239 2349 ars
258 2289 383 2350 oratoris
401 2309 467 2351 esse
486 2291 546 2350 ulla
555 2311 564 2364 ;
585 2301 655 2350 sunt
676 2288 758 2349 enim
774 2288 854 2349 varia
876 2290 962 2349 etad
981 2291 1132 2366 vulgarem

126 2390 362 2466 popularemque
386 2409 507 2449 sensum
531 2390 761 2450 accommodata
787 2387 889 2447 omnia
912 2407 1020 2465 genera
1043 2387 1132 2448 huius

125 2484 252 2546 sorensis
277 2495 397 2546 nostrae
420 2484 569 2546 dictionis.
617 2484 670 2545 Sin
689 2496 791 2544 autem
810 2504 855 2557 ea,
879 2504 957 2561 quae
977 2484 1133 2544 observata
1150 2504 1195 2555 109

126 2594 196 2644 sunt
222 2582 254 2643 in
282 2604 339 2644 usu
366 2603 403 2644 ac
430 2583 606 2644 tractatione
633 2582 763 2656 dicendi,
789 2585 865 2642 haec
891 2582 931 2642 ab
958 2581 1132 2642 hominibus

125 2680 240 2741 callidis
267 2701 305 2742 ac
328 2680 429 2758 peritis
453 2680 660 2742 animadversa
683 2700 720 2741 ac
744 2690 854 2753 notata,
880 2679 977 2740 verbis
999 2678 1130 2752 definita,

80 2799 111 2848 25
125 2777 284 2854 generibus
298 2777 461 2851 inlustrata,
472 2777 605 2855 partibus
620 2777 777 2838 distributa
790 2775 932 2838 sunt-id
946 2777 1029 2853 quod
1042 2774 1132 2836 video

125 2873 259 2950 potuisse
272 2874 386 2948 fieri-,
402 2895 464 2935 non
483 2874 632 2951 intellego,
648 2894 739 2951 quarn
758 2875 800 2934 ob
821 2894 883 2934 rem
906 2892 977 2946 non,
993 2871 1018 2933 si
1032 2871 1132 2933 minus

125 2969 176 3030 illa
203 2970 305 3031 subtili
331 2970 516 3045 definitione,
544 2983 575 3031 at
602 2973 660 3031 hac
686 2969 799 3047 vulgari
822 2968 965 3047 opinione
991 2988 1038 3029 ars
1066 2988 1131 3029 esse

125 3067 267 3129 videatur.
312 3070 373 3131 Sed
394 3069 456 3131 sive
476 3080 522 3130 est
541 3090 588 3130 ars
613 3069 675 3130 sive
695 3068 765 3129 artis
787 3069 936 3145 quaedam
957 3065 1129 3140 similitudo,

125 3185 189 3224 non
209 3176 255 3225 est
275 3186 311 3226 ea
331 3166 455 3243 quidem
477 3167 680 3243 neglegenda3
707 3184 810 3225 verum
833 3164 1066 3240 intellegendum
1086 3173 1131 3224 cst

77 3285 112 3334 30
124 3260 183 3321 alia
202 3264 353 3339 quaedam
375 3265 414 3324 ad
436 3264 681 3340 consequendam
700 3260 902 3339 eloquentiam
921 3280 986 3320 esse
1000 3259 1130 3320 maiora'

124 3360 206 3419 Tum
228 3359 381 3421 Antonius
402 3363 595 3420 vehementer
613 3380 646 3420 se
663 3357 805 3419 adsentiri
824 3360 933 3420 Crasso
949 3356 1031 3430 dixit,
1046 3358 1130 3434 quod
1143 3337 1193 3464 ⁵1¹2

159 3503 191 3552 M
195 3503 276 3554 =HE
395 3521 413 3568 9
430 3506 505 3554 decet
523 3521 572 3555 nec
589 3504 649 3554 H²r
669 3506 782 3566 denique
799 3504 832 3553 M
952 3505 984 3552 16
999 3503 1084 3552 verbis
1101 3501 1134 3549 M

125 3572 209 3632 posita
226 3569 259 3618 M
352 3587 380 3632 17
399 3572 520 3633 exposuit
537 3573 576 3620 L:
603 3571 724 3632 deposuit
741 3568 784 3620 M:
812 3569 898 3632 posuit
914 3568 957 3632 Lg
970 3583 1004 3618 ao
1098 3582 1131 3630 24

125 3636 234 3685 definita
246 3636 292 3686 M:
310 3637 444 3699 designata
456 3637 478 3686 L
578 3651 609 3698 3¹
627 3636 755 3685 assentire
765 3635 798 3684 M
