2648 4216
126 255 191 351 so
483 256 934 340 ameminor-1⁸

205 443 242 486 ea
261 422 403 504 gravitate
424 432 455 484 et
471 422 562 506 copia
582 434 635 496 est,
652 434 686 484 ut
706 443 785 484 unus
804 425 849 485 ad
865 423 1029 486 dicendum
1049 422 1215 487 instructis·

169 494 299 583 9simus
312 540 331 582 a
344 533 449 582 natura
463 540 529 582 esse
539 519 682 582 videatur
711 523 763 582 Ad
776 532 896 584 nosmet
909 519 991 600 ipsos
1001 521 1061 582 iam
1072 533 1212 596 revertor,

160 582 190 631 ³
206 617 349 697 quoniam
372 617 415 678 sic
439 617 550 678 fuimus
574 638 693 696 semper
715 617 888 696 comparati,
914 629 949 679 ut
972 618 1130 680 hominum
1155 639 1215 680 ser-

206 715 347 784 monibus
361 714 446 794 quasi
459 714 492 777 in
505 715 630 794 aliquod
648 715 850 777 contentionis
867 714 1013 778 iudicium
1027 736 1212 792 vocaremur.

206 813 290 899 Quid
304 825 365 874 tam
380 812 524 875 dissimile
537 833 629 891 quarn
643 832 700 891 ego
713 812 745 874 in
755 813 887 894 dicendo
901 824 931 876 et
939 813 1115 892 Antonius?
1142 833 1215 891 cum
1230 831 1244 880 5

206 911 256 973 ille
276 910 302 972 is
322 911 361 973 sit
381 922 486 984 orator,
509 921 543 972 ut
563 909 638 971 nihil
661 930 700 971 eo
721 909 817 990 possit
840 931 907 972 esse
927 910 1133 990 praestantius,
1156 931 1216 989 ego

205 1020 315 1093 autem,
332 1028 516 1088 quamquam
537 1018 649 1080 memet
670 1006 730 1069 mei
750 1006 891 1087 paenitet,
911 1028 982 1069 curn
1003 1009 1062 1068 hoc
1084 1007 1216 1070 maxime

206 1120 307 1169 tamen
329 1107 361 1168 in
384 1105 607 1184 comparatione
631 1105 803 1185 coniungar.
845 1105 1013 1181 Videtisne,
1034 1126 1129 1185 genus
1154 1108 1216 1168 hoc

206 1208 291 1285 quod
305 1205 342 1266 sit
356 1203 495 1266 Antoni?
536 1207 633 1277 Forte,
649 1205 823 1280 vehemens,
835 1215 1023 1265 commotum
1038 1203 1069 1264 in
1083 1205 1216 1282 agendo,

207 1301 427 1383 praemunitum
439 1312 469 1362 et
480 1321 517 1363 ex
527 1300 610 1362 omni
621 1311 705 1379 parte
718 1320 828 1362 causae
837 1312 983 1380 saeptum,
992 1321 1071 1376 acre,
1079 1311 1216 1377 acutum,
1231 1325 1262 1360 10

208 1402 406 1474 enucleatum,
421 1398 453 1459 in
472 1418 526 1460 sua
544 1418 664 1477 quaque
684 1418 719 1460 re
736 1418 937 1472 commorans,
949 1400 1077 1458 honeste
1090 1399 1214 1473 cedens,

207 1497 313 1559 acriter
327 1496 498 1575 insequens,
507 1506 627 1570 terrens,
643 1494 825 1576 supplicans,
835 1515 954 1556 summa
966 1494 1109 1556 orationis
1123 1495 1216 1556 varie·

163 1611 195 1664 33
209 1606 280 1669 tate,
301 1595 383 1654 nulla
410 1604 577 1654 nostrarum
601 1591 718 1652 aurium
743 1591 887 1653 satietate.
929 1593 996 1654 Nos
1017 1603 1130 1666 autem,
1150 1591 1217 1670 qui-

208 1711 338 1770 cumque
355 1690 386 1750 in
403 1690 534 1751 dicendo
550 1710 663 1762 sumus,
679 1689 823 1768 quoniam
841 1710 907 1751 esse
925 1689 1027 1768 aliquo
1041 1689 1073 1750 in
1086 1710 1215 1751 numero

207 1789 292 1850 vobis
313 1788 456 1863 videmur,
479 1800 560 1850 oerte
580 1797 682 1848 tamen
702 1789 742 1850 ab
763 1787 852 1850 huius
874 1791 1002 1851 multum
1022 1808 1132 1868 genere
1155 1788 1260 1860 dis-15

208 1899 305 1948 tamus
316 1909 326 1962 3
356 1888 440 1965 quod
463 1889 552 1965 quale
574 1886 620 1961 sit,
646 1907 710 1948 non
732 1898 777 1949 est
799 1907 901 1948 meum
924 1886 1034 1961 dicere,
1056 1896 1216 1965 propterea

207 1986 291 2063 quod
311 1984 435 2045 minime
456 1984 514 2045 sibi
536 1985 664 2064 quisque
688 1995 778 2056 notus
799 1995 844 2045 est
865 1995 896 2046 et
919 1983 1093 2046 difficillime
1116 1985 1156 2045 de
1181 2004 1215 2047 se

207 2082 334 2161 quisque
355 2081 445 2143 sentit
454 2104 464 2157 3
490 2084 545 2143 sed
565 2091 667 2143 tamen
688 2080 900 2146 dissimilitudo
919 2080 1050 2160 intellegi
1066 2091 1166 2160 potest
1183 2092 1214 2142 et

207 2199 245 2240 ex
260 2190 359 2239 motus
379 2179 439 2239 mei
457 2178 662 2252 mediocritate
682 2190 713 2240 et
733 2199 770 2240 ex
788 2198 834 2253 eo,
851 2180 943 2258 quod,
958 2177 1069 2258 quibus
1081 2177 1214 2257 vestigiis

206 2276 336 2356 primum
350 2275 453 2352 institi,
467 2276 498 2337 in
517 2277 561 2338 eis
579 2279 641 2339 sere
660 2280 744 2338 soleo
763 2296 901 2356 perorare
917 2287 948 2345 et
961 2277 1046 2355 quod
1058 2275 1215 2354 aliquanto
1229 2300 1262 2336 ιο

207 2396 256 2437 me
278 2375 372 2438 maior
392 2375 423 2436 in
436 2375 534 2438 verbis
552 2372 656 2457 [quam
678 2375 710 2436 in
731 2372 898 2457 sententiis]
913 2373 1058 2452 eligendis
1077 2375 1163 2435 labor
1183 2386 1215 2436 et

207 2492 279 2551 cura
292 2484 410 2552 torquet
423 2485 584 2548 verentem,
600 2493 647 2548 ne,
663 2472 688 2534 si
705 2475 797 2551 paulo
817 2471 980 2533 obsoletior
1000 2471 1088 2534 suerit
1106 2471 1212 2548 oratio,

162 2589 194 2641 34
207 2591 269 2645 non
284 2570 375 2650 digna
385 2571 607 2649 exspectatione
620 2581 651 2632 et
665 2569 785 2631 silentio
798 2569 889 2632 fuisse
900 2569 1043 2631 videatur.
1083 2571 1178 2646 Quod
1188 2569 1214 2644 si

206 2667 238 2728 in
266 2667 362 2742 nobis,
387 2667 613 2747 quiadsumus,
639 2678 740 2730 tantae
766 2666 1024 2729 dissimilitudines
1047 2677 1124 2741 sunt,
1150 2677 1214 2728 tam

206 2777 305 2828 certae
322 2787 369 2836 res
388 2766 533 2845 cuiusque
553 2765 690 2847 propriae
710 2777 741 2827 et
762 2764 793 2826 in
814 2785 851 2837 ea
868 2764 1010 2836 varietate
1028 2766 1089 2827 fere
1106 2764 1214 2826 melius
1230 2789 1260 2840 ²5

206 2865 384 2926 adeteriore
402 2866 542 2926 facultate
564 2864 657 2943 magis
671 2883 763 2942 quarn
784 2882 893 2942 genere
914 2861 1104 2941 distinguitur
1121 2872 1215 2941 atque

207 2981 298 3023 omne
322 2963 466 3035 laudatur,
493 2964 576 3041 quod
601 2962 632 3023 in
655 2982 711 3024 suo
735 2981 844 3041 genere
866 2963 1031 3040 perfectum
1059 2971 1112 3033 est,
1140 2959 1216 3039 quid

207 3059 342 3133 censetis,
369 3059 394 3120 si
419 3060 525 3135 omnis,
550 3059 602 3138 qui
626 3059 740 3138 ubique
764 3069 834 3121 sunt
858 3069 910 3119 aut
932 3059 1052 3119 fuerunt
1068 3068 1216 3132 oratores,

206 3157 347 3234 amplecti
363 3157 551 3231 voluerimus,
571 3177 674 3218 norme
694 3158 758 3218 lore
779 3167 822 3231 ut,
836 3166 912 3233 quot
930 3165 1072 3230 oratores,
1086 3153 1216 3215 totidem

207 3273 303 3333 paene
323 3255 505 3333 reperiantur
526 3274 635 3333 genera
655 3253 802 3323 dicendi?
844 3256 891 3314 Ex
910 3272 971 3331 qua
995 3272 1063 3312 mea
1083 3250 1216 3331 disputa·
1230 3273 1261 3322 30

207 3351 289 3424 tione
313 3353 436 3414 forsitan
463 3362 599 3427 occurrat
621 3351 703 3425 illud,
726 3350 752 3411 si
776 3370 872 3429 paene
897 3348 1135 3410 innumerabiles·
1154 3348 1215 3410 sint

243 3523 270 3557 11
291 3525 317 3556 rn
329 3523 376 3557 sua
386 3507 479 3557 Adler
498 3522 525 3555 rn
537 3521 637 3557 summa
647 3504 783 3554 scheibe
776 3520 802 3553 rn
815 3519 867 3552 una
877 3503 963 3555 codd
957 3519 1033 3552 ·non
1046 3519 1072 3552 rn
1084 3518 1136 3552 una
1144 3501 1216 3553 Bate

208 3589 238 3623 ar
258 3574 285 3622 in
296 3573 383 3623 verbis
394 3587 470 3634 quam
482 3573 509 3620 in
523 3571 660 3622 sententiis
672 3570 800 3634 eligendis
816 3569 884 3619 rodd.
894 3570 971 3632 quiet
981 3570 1053 3619 alr'ter
1061 3569 1214 3618 turbantur:

208 3640 234 3688 in
246 3638 332 3688 verbis
348 3637 476 3700 eligendis
483 3637 620 3734 Sobata
675 3651 707 3697 24
724 3643 785 3685 sunt
796 3634 893 3714 addidit
903 3634 973 3684 Bake
1025 3641 1026 3644 ’
