2648 4216
460 277 519 336 nu
539 275 745 336 oxxroxa
790 276 845 335 1v·
1144 276 1244 352 3⁸17,

126 441 389 509 innumerabilium
413 445 477 508 iura
498 456 659 518 versentur,
682 465 753 506 cum
777 445 911 519 omnino,
934 445 1009 525 quid
1033 466 1130 519 suum,

127 543 201 622 quid
225 543 364 616 alienum,
385 563 446 622 qua
469 563 501 603 re
523 541 655 620 denique
673 541 745 603 civis
763 554 815 603 aut
831 542 1011 621 peregrinus,
1030 562 1131 604 servus

126 652 178 700 aut
206 637 281 701 liber
304 639 454 718 quispiam
478 639 525 713 sit,
550 639 673 716 ignoret,
700 638 823 716 insignis
847 651 892 700 est
917 639 1128 718 impudentiae

129 738 185 797 Illa
206 757 277 798 vero
300 735 466 797 deridenda
488 736 663 814 adrogantia
686 747 740 809 est,
764 736 795 795 in
820 736 985 798 minoribus
1007 736 1130 814 navigiis
1147 750 1193 803 174

97 836 232 903 srudem
260 855 326 896 esse
354 854 386 895 se
414 834 558 907 confiteri,
582 833 805 912 quinqueremis
832 846 933 895 autem
960 846 1012 895 aut
1039 835 1129 896 etiam

128 931 254 993 maiores
272 933 437 1010 gubernare
456 931 604 993 didicisse.
648 934 697 992 Tu
718 930 792 991 mihi
813 951 883 992 cum
900 931 932 991 in
950 931 1062 993 circulo
1080 934 1130 994 de·

127 1028 236 1106 cipiare
255 1028 404 1089 adversari
425 1027 668 1107 stipulatiuncula
695 1040 725 1089 et
752 1049 822 1089 cum
845 1027 984 1106 obsignes
1006 1029 1129 1091 tabellas

127 1124 243 1185 clientis
257 1124 308 1198 tui,
325 1125 434 1203 quibus
452 1125 484 1185 in
500 1124 616 1185 tabellis
633 1124 666 1184 id
683 1124 720 1185 sit
737 1124 888 1203 scriptum,
904 1144 965 1203 quo
984 1124 1033 1185 ille
1052 1125 1130 1203 capi·

125 1234 200 1295 atur,
210 1242 267 1300 ego
277 1222 332 1283 tibi
343 1225 434 1283 ullam
449 1243 571 1283 causam
586 1222 728 1283 maiorem
743 1222 989 1284 committendam
1004 1225 1130 1301 putem?

82 1341 114 1376 10
127 1319 224 1382 Citius
238 1322 358 1380 hercule
369 1320 403 1394 is,
415 1319 467 1398 qui
478 1323 607 1381 duorum
620 1321 799 1381 scalmorum
814 1320 981 1381 naviculam
995 1320 1026 1380 in
1040 1332 1129 1399 portu

126 1417 270 1490 everterit,
286 1417 318 1477 in
333 1416 453 1477 Euxino
466 1428 561 1495 ponto
576 1421 813 1494 Argonautarum
828 1437 935 1477 navem
948 1417 1126 1495 gubernarit

127 1514 233 1591 Quid?
253 1514 279 1575 si
293 1535 332 1575 ne
346 1535 453 1593 parvae
467 1514 591 1593 quidem
601 1535 709 1576 causae
720 1526 797 1588 sunt,
808 1516 862 1575 sed
873 1535 962 1593 saepe
973 1515 1127 1590 maximae,
1145 1529 1191 1584 175

125 1610 157 1671 in
178 1611 289 1689 quibus
309 1622 438 1673 certatur
455 1613 495 1672 de
514 1611 577 1672 iure
596 1611 683 1685 civili,
704 1613 788 1690 quod
806 1613 928 1672 tandem
948 1631 982 1672 os
1001 1622 1045 1672 est
1064 1611 1128 1674 eius

126 1709 252 1786 patroni,
264 1708 317 1786 qui
330 1710 371 1769 ad
384 1729 435 1769 eas
449 1729 554 1770 causas
568 1709 632 1769 sine
646 1711 707 1769 ulla
720 1708 845 1770 scientia
858 1707 929 1769 iuris
942 1710 1033 1769 audet
1046 1729 1129 1770 acce

82 1829 112 1880 ¹5
126 1808 220 1867 dere?
261 1808 349 1883 Quae
373 1805 470 1884 potuit
495 1806 582 1885 igitur
605 1826 671 1867 esse
695 1827 785 1868 causa
809 1805 910 1879 maior,
935 1826 1025 1883 quam
1050 1805 1129 1868 illius

126 1903 250 1964 militis?
281 1906 320 1964 de
345 1903 429 1965 cuius
454 1915 550 1965 morte
577 1923 647 1964 cum
671 1905 796 1964 domum
821 1906 911 1964 falsus
935 1904 975 1964 ab
999 1903 1129 1965 exercitu

126 2000 249 2062 nuntius
265 2000 395 2062 venisset
416 2012 446 2062 et
466 2012 551 2079 pater
570 2000 634 2061 eius
655 2021 686 2061 re
706 2000 819 2061 credita
837 2011 1048 2061 testamentum
1066 2021 1129 2061 mu-

125 2109 217 2159 tasset
238 2110 277 2171 et,
298 2119 389 2176 quem
411 2099 439 2160 ei
461 2098 558 2159 visum
580 2109 666 2171 esset,
690 2096 807 2158 fecisset
826 2100 968 2159 heredem
989 2108 1128 2175 essetque

126 2194 192 2274 ipse
214 2207 358 2269 mortuus,
385 2216 431 2257 res
455 2198 555 2258 delata
578 2197 686 2256 estad
711 2194 919 2267 centumviros,
945 2214 1014 2255 eum
1043 2193 1128 2255 miles

81 2294 252 2354 rodomum
270 2292 431 2354 revenisset
448 2293 615 2371 egissetque
632 2294 697 2369 lege
713 2292 745 2352 in
762 2291 956 2353 hereditatem
973 2303 1128 2369 paternam

126 2401 306 2452 testamento
322 2394 445 2453 exheres
464 2390 549 2452 filius.
588 2387 732 2471 [Nempe]
751 2389 783 2448 in
799 2409 835 2450 ea
851 2409 942 2450 causa
960 2389 1127 2467 quaesitum

125 2499 171 2548 est
181 2489 220 2549 de
230 2488 294 2550 iure
304 2488 392 2563 civili,
402 2500 543 2567 possetne
557 2498 747 2566 paternorum
763 2486 911 2547 bonorum
925 2488 1048 2547 exheres
1062 2506 1127 2547 esse

122 2586 211 2660 filius,
237 2607 328 2665 quem
352 2599 436 2666 pater
460 2597 639 2648 testamento
663 2605 762 2663 neque
789 2586 930 2645 heredem
958 2603 1057 2662 neque
1081 2603 1128 2644 ex·

124 2679 267 2745 heredem
291 2685 456 2763 scripsisset
480 2683 666 2745 nominatim.
722 2681 830 2758 Quid?
853 2701 913 2759 qua
935 2683 974 2742 de
996 2701 1027 2742 re
1051 2679 1128 2741 inter

80 2803 111 2853 25
126 2784 287 2843 Marcellos
305 2793 335 2844 et
353 2782 497 2845 Claudios
516 2781 654 2861 patricios
674 2777 850 2840 centumviri
866 2777 1042 2850 iudicarunt,
1058 2797 1128 2837 cum

127 2879 262 2940 Marcelli
275 2880 315 2940 ab
328 2880 426 2941 liberti
441 2880 503 2941 filio
513 2880 612 2957 stirpe,
623 2877 743 2941 Claudii
757 2875 872 2954 patricii
886 2875 1020 2936 eiusdem
1035 2873 1130 2934 homi·

124 2975 171 3037 nis
193 2976 387 3039 hereditatem
409 2989 498 3056 gente
517 2979 557 3038 ad
579 2997 611 3038 se
631 2976 742 3037 redisse
761 2973 903 3046 dicerent,
921 2991 1023 3033 nonne
1041 2970 1073 3031 in
1094 2986 1130 3032 ea

124 3093 215 3133 causa
228 3074 283 3134 fuit
297 3074 463 3136 oratoribus
478 3077 517 3136 de
531 3085 595 3135 toto
610 3072 708 3151 stirpis
722 3083 752 3133 et
767 3068 938 3149 gentilitatis
953 3067 1015 3129 iure
1031 3067 1131 3129 dicen-

124 3171 221 3230 dum?
262 3171 369 3248 Quid?
389 3174 472 3251 quod
491 3172 562 3232 item
582 3171 613 3231 in
631 3168 835 3231 centumvirali
853 3166 965 3229 iudicio
985 3177 1128 3227 certatum
1145 3185 1191 3242 ¹7?

79 3289 111 3339 30
125 3287 190 3328 esse
200 3268 380 3347 accepimus,
390 3263 460 3330 curn
472 3271 602 3329 Romam
614 3267 644 3327 in
656 3265 791 3327 exsilium
802 3264 940 3337 venisset,
951 3263 1000 3324 cui
1012 3265 1129 3323 Romae

124 3367 258 3426 exsulare
278 3365 325 3427 ius
346 3377 432 3440 esset,
448 3365 473 3427 si
490 3386 523 3427 se
541 3366 581 3425 ad
604 3364 735 3442 aliquem
752 3361 838 3440 quasi
856 3372 1015 3439 patronum
1037 3359 1130 3438 appli-

124 3460 259 3537 cavisset,
280 3461 481 3541 intestatoque
498 3472 576 3523 esset
593 3472 736 3533 mortuus,
756 3479 858 3519 nonne
875 3457 905 3518 in
923 3477 959 3518 ea
975 3477 1065 3517 causa
1082 3455 1128 3518 ius

1141 2655 1184 2715 39

1176 2732 1192 2783 6

1144 2746 1174 2797 ¹?

158 3617 190 3665 M
200 3639 221 3658 =
235 3615 268 3665 H
329 3632 345 3665 a
361 3618 464 3666 demum
475 3631 503 3664 m
581 3630 609 3662 11
628 3614 720 3664 evertit
733 3610 765 3660 H
841 3626 872 3663 αι
892 3610 991 3673 Nempe
1002 3625 1054 3661 om.
1068 3609 1126 3659 Hm

124 3698 159 3746 3ο
175 3697 232 3731 cum
246 3684 355 3732 Romam
365 3682 482 3734 Ellendt:
499 3681 543 3744 qui
556 3681 665 3729 Romam
676 3678 744 3727 codd.
