2648 4216
86 246 128 310 20
143 257 174 306 n
470 236 513 295 M.
536 235 664 294 rvnnr
682 234 920 296 crcnnorus

192 403 297 463 medas
311 402 427 463 solebat
440 402 593 480 ingenium
607 414 701 477 tuum,
714 404 830 477 Crasse,
839 404 1032 464 vehementer
1040 401 1198 468 admirari:

144 553 178 596 21
193 519 242 559 me
264 498 321 560 sibi
343 497 514 577 perfacilem
536 498 567 560 in
588 499 750 578 audiendo,
765 511 796 560 te
814 519 1034 578 perpugnacem
1052 499 1084 561 in
1098 499 1198 578 dispu-

145 646 160 694 9
162 646 177 693 4
193 597 286 656 tando
297 616 363 657 esse
373 595 478 658 visum.
512 599 619 674 ltaque
632 617 688 675 ego
702 598 760 657 hac
774 598 880 658 eadem
892 596 1035 675 opinione
1048 598 1198 658 adductus

193 691 297 770 scripsi
311 692 401 753 etiam
416 692 490 754 illud
504 695 637 770 quodam
656 693 687 754 in
705 693 815 768 libello,
831 692 885 772 qui
901 714 950 755 me
963 693 1154 772 imprudente
1167 705 1198 755 et

192 787 287 849 invito
319 788 429 850 excidit
460 800 491 851 et
521 789 654 868 pervenit
681 789 712 850 in
740 810 848 851 manus
875 790 1042 864 hominum,
1071 791 1227 858 disertoss

193 905 340 963 cognosse
354 906 403 947 me
417 906 479 948 non
494 888 600 961 nullos,
616 889 808 965 eloquentem
821 889 923 948 adhuc
936 887 1098 962 neminem,
1114 890 1199 966 quod

193 1002 263 1043 eum
291 984 460 1045 statuebam
490 983 642 1058 disertum,
666 984 719 1062 qui
751 995 853 1063 posset
885 983 955 1045 satis
986 996 1074 1046 acute
1107 996 1200 1062 atque

193 1080 325 1142 dilucide
356 1083 438 1160 apud
469 1080 627 1142 mediocris
654 1081 793 1142 homines
821 1102 858 1142 ex
884 1081 1040 1142 communi
1066 1083 1199 1159 quadam

193 1177 336 1256 opinione
359 1177 518 1239 hominurn
538 1178 646 1253 dicere,
662 1181 854 1258 eloquentem
872 1199 952 1253 vero,
968 1178 1020 1256 qui
1035 1177 1199 1239 mirabilius

193 1287 223 1337 et
245 1274 483 1354 magnificentius
506 1296 615 1354 augere
638 1287 740 1354 posset
759 1288 851 1355 atque
871 1296 977 1337 ornare
997 1296 1075 1353 quae
1099 1276 1197 1349 vellet,
1215 1301 1245 1337 ιο

194 1374 356 1452 omnisque
375 1373 511 1436 omnium
533 1394 640 1448 rerum,
660 1393 738 1452 quae
759 1376 799 1436 ad
821 1373 985 1435 dicendum
1008 1371 1198 1450 pertinerent,

193 1470 285 1532 sontis
312 1471 414 1532 animo
441 1491 478 1532 ac
505 1470 650 1531 memoria
676 1470 850 1532 contineret.
895 1472 934 1532 Id
961 1469 987 1530 si
1011 1480 1056 1530 est
1078 1468 1199 1530 difficile

194 1569 291 1643 nobis,
320 1570 403 1647 quod
435 1579 513 1642 ante,
542 1588 635 1646 quam
661 1570 703 1629 ad
732 1567 911 1629 discendum
939 1565 1062 1644 ingressi
1084 1586 1197 1638 sumus,

194 1667 347 1728 obruimur
368 1665 533 1727 ambitione
555 1676 586 1727 et
607 1667 681 1739 foro,
697 1665 734 1726 sit
753 1676 855 1725 tamen
871 1663 902 1724 in
916 1663 1093 1742 repositum
1107 1675 1198 1740 atque

147 1778 316 1832 95natura:
338 1763 498 1842 egoenim,
514 1775 660 1842 quantum
682 1782 810 1840 auguror
831 1761 1004 1822 coniectura
1025 1772 1198 1838 quantaque
1216 1781 1223 1815 ι
1229 1778 1244 1828 5

194 1861 313 1939 ingenia
333 1861 365 1921 in
385 1860 494 1925 nostris
516 1860 690 1922 hominibus
708 1881 774 1922 esse
792 1858 890 1932 video,
906 1879 968 1920 non
987 1861 1115 1936 despero
1135 1859 1199 1919 fore

185 1957 515 2044 ,aliquemaliquandq
533 1957 585 2036 qui
606 1969 636 2019 et
656 1957 757 2019 studio
777 1956 890 2019 acriore
908 1975 1000 2033 quam
1019 1975 1075 2017 nos
1096 1975 1200 2016 sumus

194 2067 285 2133 atque
301 2055 412 2116 fuimus
430 2065 460 2116 et
479 2054 542 2117 otio
560 2075 597 2116 ac
613 2056 753 2115 facultate
771 2053 908 2115 discendi
926 2052 1039 2114 maiore
1056 2073 1094 2114 ac
1107 2063 1201 2113 matu·

186 2152 271 2220 ,riore
299 2164 328 2213 et
361 2153 462 2214 labore
494 2163 586 2230 atque
620 2151 766 2213 industria
799 2150 959 2229 superiore,
989 2169 1059 2210 cum
1094 2169 1127 2210 se
1149 2150 1201 2210 ad

195 2249 380 2311 audiendum
392 2251 562 2327 legendum
583 2249 837 2327 scribendumque
851 2246 976 2320 dederit,
992 2246 1113 2308 exsistat
1132 2246 1200 2308 talis
1216 2266 1247 2303 ιο

142 2409 144 2412 .
197 2359 302 2420 orator,
318 2349 438 2425 qualem
452 2346 631 2424 quaerimus,
646 2345 698 2425 qui
717 2345 781 2406 iure
799 2365 862 2406 non
881 2346 979 2406 solum
993 2342 1130 2418 disertus,
1146 2345 1201 2405 sed

196 2443 285 2505 etiam
305 2446 450 2524 eloquens
472 2443 532 2505 dici
551 2443 644 2523 possit
654 2466 663 2518 ;
691 2442 743 2522 qui
766 2454 867 2503 tamen
889 2461 959 2502 mea
979 2440 1128 2502 sententia
1148 2453 1201 2502 aut

196 2541 245 2602 hic
259 2554 304 2602 est
318 2541 377 2602 iam
392 2543 518 2604 Crassus
531 2552 591 2614 aut,
607 2540 632 2601 si
646 2539 713 2618 quis
732 2539 796 2618 pari
815 2538 902 2600 fuerit
921 2537 1042 2615 ingenio
1056 2539 1202 2616 pluraque

196 2659 287 2717 quam
301 2639 395 2700 hicet
412 2637 539 2700 audierit
558 2649 588 2699 et
610 2637 747 2698 lectitarit
766 2648 796 2698 et
815 2634 972 2714 scripserit,
987 2636 1111 2713 paulum
1130 2635 1202 2696 huic

194 2737 308 2815 aliquid
322 2735 430 2814 poterit
443 2737 573 2797 addera'
1217 2748 1247 2798 ²5

149 2839 182 2906 9⁶
238 2837 309 2894 Hoc
331 2835 400 2895 loco
421 2831 570 2910 Sulpicius
591 2831 785 2912 ‘insperanti’
808 2829 905 2908 inquit
921 2828 1012 2890 ‘mihi
1030 2840 1061 2890 et
1083 2830 1200 2903 Cottae,

196 2934 250 2992 sed
277 2932 364 2992 valde
391 2929 507 3008 optanti
535 2930 652 3009 utrique
680 2942 815 2991 nostrum
843 2926 961 3001 cecidit,
990 2938 1024 2988 ut
1051 2925 1083 2986 in
1111 2925 1201 2987 istum

197 3048 374 3102 sermonem,
390 3030 505 3102 Crasse,
527 3026 758 3100 delaberemini;
786 3024 876 3086 nobis
898 3023 979 3085 enim
1002 3025 1062 3084 huc
1083 3022 1202 3084 venien·

197 3125 276 3186 tibus
295 3125 365 3186 satis
387 3125 554 3188 iucundum
576 3126 639 3185 fore
657 3123 822 3196 videbatur,
837 3121 871 3195 si,
890 3141 960 3182 cum
979 3140 1034 3180 vos
1053 3121 1093 3181 de
1113 3120 1202 3180 rebus

196 3221 261 3282 aliis
285 3222 490 3300 loqueremini,
519 3233 620 3282 tamen
649 3240 705 3282 nos
731 3217 846 3297 aliquid
874 3239 912 3278 ex
938 3236 1077 3284 sermone
1103 3227 1203 3277 vestro
1218 3236 1248 3286 ³0

198 3318 342 3379 memoria
365 3319 489 3397 dignum
514 3317 649 3397 excipere
671 3335 847 3395 possemus;
876 3326 909 3376 ut
931 3334 1002 3375 vero
1027 3311 1147 3390 penitus
1171 3309 1202 3370 in

198 3437 264 3477 eam
286 3415 382 3494 ipsam
403 3415 494 3477 totius
516 3414 605 3476 huius
624 3415 672 3476 vel
692 3412 773 3474 studi
793 3413 841 3473 vel
861 3410 967 3472 artifici
987 3411 1034 3470 vel
1055 3406 1203 3469 facultatis

232 3571 264 3620 M
268 3571 349 3620 „Ha
462 3585 479 3618 a
495 3576 696 3633 perpugnantem
709 3566 742 3615 M
840 3561 1052 3628 sexcitabitMr
1068 3559 1203 3611 exiuitH‘

201 3653 231 3700 ¹3
248 3634 427 3687 dicendumM
513 3637 545 3683 16
560 3650 612 3684 non
626 3649 692 3684 raca:
709 3629 812 3682 necM¹
912 3645 944 3691 ²4
961 3626 1072 3679 huicL:
1090 3624 1186 3676 huod!
