2648 4216
99 245 204 321 26103
493 248 537 308 M.
559 249 688 309 TVLLI
710 248 942 312 CICERONIS

215 424 381 492 praecepta,
404 435 482 493 quae
506 416 622 488 dantur,
645 414 709 475 eius
733 414 817 476 modi
841 426 920 490 sunt,
943 426 977 477 ut
998 436 1035 477 ea
1057 414 1154 495 quivis
1176 419 1227 479 vel

215 511 422 573 vitiosissimus
442 524 541 574 orator
560 512 708 591 explicare
727 513 822 592 possit
832 535 841 588 ;
865 533 925 592 qua
945 533 987 589 re,
1004 525 1037 574 ut
1058 526 1128 576 ante
1149 514 1220 588 dixi,

214 610 344 688 primum
358 611 432 671 silva
444 631 542 672 rerum
558 608 606 692 [ac
622 607 849 692 sententiarum]
870 615 1073 688 comparanda
1091 622 1145 685 est,
1161 632 1223 690 qua

214 708 253 769 de
268 719 351 786 parte
364 708 439 769 dixit
452 708 622 784 Antonius3
642 710 718 770 haec
731 710 891 769 formanda
909 710 961 769 filo
980 708 1046 787 ipso
1066 720 1095 770 et
1112 730 1222 787 genere

214 805 364 879 orationis,
380 806 587 866 inluminanda
600 806 706 878 verbis,
722 805 864 866 varianda
878 806 1041 867 sententiis.
1236 832 1250 881 5

153 919 200 970 104
255 906 380 964 Summa
391 916 493 964 autem
507 905 571 964 laus
585 903 774 981 eloquentiae
787 915 833 964 est
842 904 1024 983 amplificare
1038 924 1101 964 rem
1115 924 1223 965 ornan·

214 1003 264 1074 do,
274 1003 362 1079 quod
368 1003 446 1062 valet
457 1021 519 1061 non
533 1002 630 1061 solum
644 1003 684 1062 ad
697 1005 869 1079 augendum
883 1001 997 1079 aliquid
1011 1012 1042 1062 et
1052 1004 1222 1062 tollendum

213 1098 301 1158 altius
322 1098 461 1172 dicend0,
484 1097 648 1158 sedetiam
670 1099 710 1158 ad
731 1100 955 1159 extenuandum
978 1110 1069 1176 atque
1091 1098 1223 1158 abicien-

162 1204 200 1266 27
214 1198 295 1256 dum.
341 1198 378 1257 Id
399 1196 583 1257 desideratur
603 1195 745 1256 omnibus
765 1196 856 1257 eisin
875 1196 957 1269 locis,
973 1217 1050 1274 quos
1068 1200 1108 1258 ad
1127 1198 1221 1257 fidem

214 1293 356 1354 orationis
378 1294 546 1354 faciendam
568 1293 704 1355 adhiberi
728 1292 803 1354 dixit
824 1294 984 1368 Antonius,
1007 1296 1053 1354 vel
1078 1314 1148 1354 cum
1173 1314 1222 1354 ex·
1239 1316 1268 1351 ιο

213 1394 371 1469 planamus
384 1390 499 1469 aliquid
512 1393 560 1451 vel
574 1411 653 1452 cum.
663 1390 858 1452 conciliamus
872 1391 989 1451 animos
1004 1393 1051 1451 vel
1065 1411 1135 1450 cum
1150 1410 1223 1450 con-

154 1511 199 1560 105
215 1489 348 1561 citamus,
360 1491 414 1549 sed
428 1487 459 1548 in
470 1490 537 1561 hoc,
549 1489 632 1566 quod
642 1500 827 1567 postremum
838 1488 908 1562 dixi,
918 1488 1111 1567 amplificatio
1119 1498 1222 1566 potest

214 1586 384 1665 plurimum,
400 1606 496 1664 eaque
515 1605 575 1646 una
593 1587 657 1646 laus
676 1586 800 1646 oratoris
817 1597 863 1646 est
877 1582 932 1667 [et]
947 1585 1066 1664 propria
1080 1584 1220 1646 maxime.

215 1685 314 1745 Etiam
343 1683 436 1745 maior
463 1695 510 1744 est
536 1683 587 1744 illa
609 1683 780 1745 exercitatio
805 1704 896 1762 quam
920 1695 1053 1745 extremo
1080 1703 1221 1745 sermone

214 1781 350 1842 instruxit
360 1780 520 1853 Antonius,
535 1780 633 1858 primo
646 1780 795 1853 reiciebat,
811 1779 954 1842 laudandi
968 1791 998 1841 et
1011 1780 1201 1858 vituperandi
1213 1803 1222 1855 3
1237 1800 1266 1850 15

214 1881 288 1940 nihil
303 1889 348 1941 est
362 1878 443 1939 enim
456 1881 496 1939 ad
511 1879 745 1956 exaggerandam
756 1889 787 1938 et
799 1878 1042 1956 amplificandam
1052 1877 1221 1938 orationem

214 1976 479 2048 accommodatius,
515 1997 607 2053 quam
645 1987 805 2053 utrumque
842 1978 950 2036 horum
985 1974 1222 2037 cumulatissime

154 2083 202 2134 106
214 2078 311 2135 facere
327 2094 424 2153 posse.
469 2074 699 2151 Consequentur
715 2073 806 2134 etiam
824 2071 866 2132 illi
883 2073 950 2147 loci,
966 2073 1018 2151 qui
1035 2093 1221 2151 quamquam

213 2172 324 2251 proprii
335 2191 491 2232 causarum
501 2184 532 2232 et
545 2171 733 2232 inhaerentes
747 2170 779 2230 in
793 2191 894 2231 earum
909 2171 1006 2231 nervis
1020 2190 1085 2231 esse
1096 2171 1219 2244 debent,

214 2280 314 2329 tamen
339 2268 409 2346 quia
437 2272 476 2330 de
500 2268 638 2330 universa
664 2287 697 2330 re
720 2268 836 2328 tractari
864 2270 970 2341 solent,
996 2288 1173 2328 communes
1201 2289 1221 2328 a
1235 2293 1265 2330 ao

213 2366 363 2428 veteribus
384 2365 530 2427 nominati
551 2376 620 2426 sunt
630 2388 638 2440 ς
668 2385 796 2444 quorum
818 2364 925 2442 partim
948 2365 1061 2425 habent
1078 2363 1220 2424 vitiorum

214 2477 244 2527 et
265 2476 455 2544 peccatorum
474 2485 574 2525 aerem
593 2466 746 2542 quandam
765 2484 835 2523 cum
853 2462 1086 2541 amplificatione
1104 2461 1221 2522 incusa-

213 2565 327 2626 tionem
354 2576 406 2625 aut
434 2567 594 2643 querelam,
621 2575 725 2625 contra
752 2584 843 2642 quam
871 2563 932 2625 dici
959 2563 1034 2623 nihil
1062 2564 1138 2623 solet
1162 2583 1221 2624 nec

213 2675 321 2741 potest,
342 2673 375 2722 ut
394 2662 426 2722 in
445 2663 695 2740 depeculatorem,
714 2661 746 2722 in
764 2661 955 2741 proditorem,
971 2660 1003 2720 in
1022 2659 1220 2739 parricidam;

214 2760 324 2838 quibus
338 2759 383 2820 uti
396 2759 578 2819 confirmatis
593 2759 766 2819 criminibus
783 2770 908 2838 oportet,
924 2758 1009 2818 aliter
1025 2757 1106 2818 enim
1126 2756 1220 2817 ieiuni
1234 2781 1264 2830 ²5

154 2871 202 2924 107
214 2869 284 2918 sunt
304 2869 395 2936 atque
416 2856 519 2918 inanes
529 2880 538 2932 ;
571 2857 621 2917 alii
641 2869 743 2918 autem
765 2857 878 2918 habent
900 2854 1142 2935 deprecationem
1166 2866 1220 2914 aut

214 2955 435 3016 miserationem
446 2977 455 3029 3
485 2953 536 3014 alii
557 2974 628 3015 vero
648 2954 786 3033 ancipitis
808 2953 1032 3032 disputationes,
1055 2951 1087 3012 in
1108 2950 1219 3029 quibus

214 3053 253 3113 de
281 3052 419 3114 universo
446 3073 554 3131 genere
582 3053 614 3113 in
638 3065 796 3131 utramque
823 3063 938 3131 partem
964 3049 1068 3112 disseri
1096 3047 1220 3126 copiose

214 3149 291 3210 licet.
343 3153 430 3227 Quae
454 3151 624 3213 exercitatio
648 3171 729 3211 nune
750 3149 868 3230 propria
889 3152 1015 3211 duarum
1035 3144 1220 3226 philosophi·

214 3267 307 3320 arum,
333 3250 373 3309 de
400 3248 509 3326 quibus
533 3260 604 3309 ante
631 3248 700 3322 dixi,
729 3259 857 3327 putatur,
886 3247 968 3325 apud
992 3244 1131 3322 antiquos
1156 3253 1220 3303 erat
1234 3267 1266 3316 30

215 3365 327 3420 eorum,
350 3366 368 3406 a
390 3346 499 3425 quibus
517 3344 619 3408 ¹omnis
640 3348 679 3409 de
703 3346 792 3407 rebus
812 3344 980 3406 forensibus
1000 3340 1122 3403 dicendi
1143 3339 1219 3400 ratio

251 3507 365 3568 rquivis
381 3507 422 3556 vel
439 3506 531 3568 Soros:
556 3506 641 3566 quivis
658 3504 745 3554 codd:
772 3503 887 3565 quamvis
905 3502 973 3565 vulg.
1155 3513 1219 3559 3ac

215 3575 404 3622 sententiarum
415 3573 467 3621 secl.
483 3572 577 3621 Schata
667 3585 697 3631 13
715 3577 741 3619 et
751 3571 803 3619 secl.
816 3568 906 3617 Pearce
998 3581 1029 3627 14
1047 3565 1124 3614 etiam
1137 3565 1219 3613 maior

215 3646 256 3687 est
268 3636 333 3687 codd.
346 3656 352 3686 :
369 3637 513 3686 adhibenda
524 3637 601 3685 etiam
613 3643 655 3685 est
665 3634 746 3697 Sorof
