2648 4216
477 261 521 320 M.
543 260 672 319 TVLLI
694 257 926 321 CICERONIS

197 428 271 491 isses
297 441 368 490 ante
391 431 514 504 oculos3
548 430 722 507 complexus
749 439 828 490 esset
854 428 949 490 filium
971 431 1107 508 flensque
1131 450 1201 492 eum

198 537 318 587 centum
333 525 402 587 viris
416 527 676 600 commendasset3
696 523 811 603 lapides
825 545 874 586 me
889 526 1009 587 hercule
1023 525 1122 588 omnis
1130 527 1202 587 flere

197 642 234 684 ac
257 623 412 684 lamentari
434 622 591 701 coegisses,
615 633 648 683 ut
676 632 773 683 totum
797 621 873 683 illud
895 641 947 683 vur
977 641 1096 685 urncvn
1124 641 1203 684 nvn·

197 738 344 781 cvpassrr
365 740 427 781 non
448 719 479 780 in
500 737 547 780 xn
563 719 680 793 tabulis,
696 739 771 797 quas
792 731 824 780 tu
846 719 987 782 omnibus
1011 720 1202 782 bibliothecis

196 818 363 896 anteponis,
379 818 433 879 sed
447 817 478 878 in
493 817 623 895 magistri
638 817 769 878 carmine
783 817 926 895 scriptum
941 817 1097 879 videretur.
1216 839 1230 890 5

143 881 184 958 5⁸
238 917 317 977 Nam
342 916 426 994 quod
449 914 585 975 inertiam
612 934 736 975 accusas
762 914 1009 989 adulescentium,
1034 915 1086 993 qui
1114 914 1202 976 istam

136 975 183 1038 ²4⁶
195 1024 290 1074 artem
312 1013 442 1092 primum
467 1011 639 1073 facillimam
661 1031 724 1072 non
751 1011 894 1086 ediscant,
919 1009 1022 1094 [quae]
1044 1032 1135 1090 quarn
1164 1012 1202 1074 sit

196 1111 298 1184 facilis,
309 1110 350 1170 illi
360 1109 497 1183 viderint,
509 1109 561 1188 qui
575 1108 639 1170 eius
651 1109 722 1170 artis
735 1109 917 1187 adrogantia,
928 1109 1014 1188 quasi
1027 1110 1202 1171 difficillima

196 1206 242 1281 sit,
258 1207 299 1268 ita
312 1207 431 1268 subnixi
452 1206 617 1279 ambulant,
633 1205 744 1266 deinde
765 1205 856 1266 etiam
878 1216 911 1266 tu
933 1205 998 1284 ipse
1015 1206 1132 1280 videris,
1148 1206 1201 1284 qui

195 1326 263 1367 eam
285 1318 379 1367 artem
401 1305 519 1366 facilem
540 1325 606 1366 esse
624 1304 708 1378 dicis,
724 1325 815 1382 quarn
834 1304 976 1366 concedis
992 1306 1093 1366 adhuc
1105 1316 1200 1365 artem
1219 1328 1247 1362 ιο

196 1404 321 1465 omnino
355 1423 417 1464 non
452 1423 525 1476 esse,
555 1403 609 1463 sed
640 1401 811 1480 aliquando,
841 1402 866 1462 si
896 1402 963 1479 quis
990 1402 1079 1463 aliam
1105 1415 1200 1463 artem

195 1501 341 1576 didicerit,
356 1514 389 1563 ut
403 1504 483 1562 hanc
495 1512 589 1561 artem
604 1501 720 1561 efficere
734 1499 836 1577 possit,
852 1510 916 1560 tum
931 1519 997 1560 esse
1010 1499 1092 1560 illam
1106 1511 1200 1560 artem

195 1601 345 1674 suturam3
365 1599 484 1672 deinde,
500 1600 583 1676 quod
598 1597 636 1658 sit
657 1599 747 1676 plena
766 1596 972 1658 delectationis
982 1619 991 1673 3
1011 1597 1043 1657 in
1062 1617 1124 1676 quo
1144 1597 1200 1658 tibi

194 1696 348 1757 remittunt
362 1716 467 1758 omnes
481 1695 568 1756 istam
579 1697 762 1772 voluptatem
777 1704 807 1754 et
820 1715 857 1755 ea
870 1714 903 1755 se
917 1714 1016 1755 carere
1029 1694 1201 1772 patiuntur3

195 1812 252 1853 nec
272 1793 431 1870 quisquam
452 1804 496 1852 est
519 1811 631 1864 eorum,
647 1791 708 1869 qui,
731 1791 756 1852 si
779 1790 838 1852 iam
860 1791 898 1852 sit
920 1791 1117 1852 ediscendum
1142 1791 1199 1852 sibi
1215 1816 1244 1867 15

194 1888 316 1966 aliquid,
346 1908 408 1948 non
442 1891 593 1948 Teucrum
628 1887 740 1949 Pacuvi
774 1887 858 1949 malit
892 1908 983 1966 quam
1019 1888 1199 1949 Manilianas

133 1995 181 2050 247
194 1984 344 2045 venalium
368 1985 595 2045 vendendorum
620 1986 700 2061 leges
724 1983 857 2045 ediscere
868 2006 878 2059 ,·
906 1994 970 2044 turn
992 1996 1093 2045 autem
1116 1984 1200 2062 quod

192 2101 294 2142 amore
308 2082 420 2158 patriae
434 2101 538 2142 censes
553 2100 609 2141 nos
623 2092 791 2142 nostrorum
811 2081 957 2142 maiorum
974 2081 1095 2141 inventa
1108 2101 1200 2142 nosse>

193 2178 312 2252 debere,
328 2199 390 2240 non
404 2178 488 2239 vides
501 2190 615 2239 veteres
636 2180 716 2255 leges
736 2189 788 2238 aut
807 2178 886 2257 ipsas
900 2199 954 2240 sua
967 2190 1114 2240 vetustate
1128 2199 1198 2239 con·

193 2275 327 2337 senuisse
340 2288 392 2337 aut
414 2274 500 2337 novis
522 2274 637 2352 legibus
651 2294 717 2335 esse
731 2274 887 2335 sublatas?
928 2275 1021 2351 Quod
1034 2295 1105 2335 vero
1119 2275 1197 2335 viros
1213 2299 1244 2333 ro

194 2373 291 2434 bonos
310 2372 373 2433 iure
394 2371 472 2433 civili
493 2371 556 2432 fieri
576 2382 672 2450 putas,
689 2370 759 2449 quia
773 2371 888 2448 legibus
902 2382 933 2431 et
946 2372 1077 2448 praemia
1091 2391 1198 2449 propo

193 2470 249 2532 sita
271 2471 330 2532 sint
354 2469 510 2531 virtutibus
538 2479 568 2530 et
596 2468 742 2546 supplicia
768 2468 855 2542 vitiis,
884 2468 1024 2546 equidem
1051 2469 1196 2547 putabam

192 2568 330 2629 virtutem
345 2567 526 2640 hominibus,
539 2567 564 2627 si
578 2568 672 2628 modo
685 2565 762 2627 tradi
776 2565 890 2626 ratione
900 2566 1002 2642 possit,
1013 2566 1197 2628 instituendo

192 2676 222 2727 et
236 2666 453 2744 persuadendo,
466 2684 528 2725 non
540 2663 628 2725 minis
642 2673 673 2724 et
686 2663 715 2723 vi
728 2682 765 2722 ac
779 2675 861 2722 metu
875 2662 959 2723 tradi
1003 2665 1083 2724 Nam
1098 2663 1196 2741 ipsum

192 2763 314 2841 quidem
336 2763 410 2823 illud
430 2762 520 2822 etiam
541 2761 606 2822 sine
627 2760 797 2838 cognitione
818 2759 897 2832 iuris,
913 2779 1003 2837 quam
1025 2761 1062 2820 sit
1083 2760 1195 2820 bellurn
1211 2787 1223 2822 2
1227 2789 1241 2838 5

131 2869 177 2931 248
192 2880 296 2920 cavere
310 2861 431 2933 malum,
447 2859 522 2920 scire
535 2878 702 2936 possumus.
747 2860 795 2918 De
810 2877 859 2918 me
875 2869 975 2917 autem
990 2857 1064 2934 ipso,
1081 2857 1129 2918 cui
1143 2858 1195 2919 uni

191 2968 224 3016 tu
245 2956 395 3030 concedis,
410 2967 444 3017 ut
468 2955 533 3016 sine
553 2957 614 3016 ulla
638 2955 709 3016 iuris
732 2953 857 3015 scientia
880 2965 981 3014 tamen
1004 2954 1100 3014 causis
1124 2954 1195 3015 satis

191 3055 288 3114 lacere
315 3061 437 3131 possim,
471 3051 526 3113 tibi
560 3053 627 3124 hoc,
657 3053 772 3125 Crasse,
806 3052 983 3129 respondeo,
1012 3070 1112 3128 neque
1146 3071 1195 3112 me

191 3170 334 3228 umquam
349 3151 395 3212 ius
409 3149 495 3211 civile
509 3148 650 3210 didicisse
668 3169 767 3227 neque
781 3160 882 3209 tamen
896 3147 927 3207 in
941 3147 984 3208 eis
998 3147 1104 3221 musis,
1120 3168 1195 3226 quas

191 3247 222 3307 in
245 3247 307 3308 iure
325 3267 446 3325 possem
466 3247 636 3320 defendere,
652 3265 795 3324 umquam
810 3245 896 3307 istam
911 3244 1065 3306 scientiam
1080 3244 1195 3306 deside·
1209 3274 1241 3322 30

191 3365 270 3405 rasse
282 3366 291 3419 3
311 3345 393 3405 aliud
407 3355 452 3405 est
466 3343 546 3405 enim
561 3362 626 3404 esse
643 3343 787 3404 artificem
805 3343 960 3404 cuiusdam
973 3342 1089 3421 generis
1103 3355 1194 3421 atque

222 3512 239 3560 3
256 3498 384 3559 coegisset
395 3497 462 3546 codd.
474 3515 481 3547 ε
504 3513 564 3547 corr.
577 3496 646 3546 Bake
704 3487 880 3559 nuncupasset
891 3495 973 3548 coda:
991 3513 1051 3546 corr.
1060 3496 1195 3546 Manubiae

189 3578 288 3678 3⁰31oe
305 3563 357 3610 sect.
372 3561 472 3611 Ellendt
609 3576 639 3624 13
657 3561 683 3610 in
706 3578 758 3622 quo
781 3562 881 3610 Ernesti
899 3578 956 3612 cum
981 3561 1076 3612 Gud.²:
1094 3562 1120 3610 in
1142 3577 1194 3624 qua
