2648 4216
444 267 503 328 DE
524 265 731 328 ORATORE
773 265 808 326 11

121 433 258 499 acerrimi
271 431 381 513 ingeni,
399 452 491 511 quam
507 443 615 511 potens
634 443 665 493 et
678 444 791 512 quanta
810 452 896 493 mens
910 432 1023 495 suerit?
1064 431 1126 510 Qui

122 533 165 595 ita
175 532 371 612 responderit,
383 542 417 593 ut
430 530 601 609 intellegere
615 549 773 608 possemus
787 530 861 591 nihil
876 551 914 592 ex
927 531 1005 592 illius
1014 530 1124 605 animo,

123 633 207 709 quod
221 632 315 692 semel
329 640 408 691 esset
421 628 561 701 infusum,
578 647 722 705 umquam
742 628 863 690 effluere
881 628 1035 707 potuisse3
1056 649 1127 690 cum

123 728 248 807 quidem
276 726 304 787 ei
331 726 419 787 suerit
446 724 607 804 optabilius
635 725 771 786 oblivisci
798 745 889 804 posse
916 725 1016 804 potius
1044 727 1128 803 quod

94 823 296 897 §meminisse
323 825 417 884 nollet
448 842 540 900 quam
569 824 653 900 quod
684 824 778 883 semel
807 822 940 884 audisset
968 823 1128 884 vidissetve

124 921 304 983 meminisse
347 921 407 981 Sed
418 939 517 998 neque
531 931 652 998 propter
665 920 725 980 hoc
739 919 937 981 Themistocli
951 941 1128 1000 responsum

123 1018 285 1081 memoriae
300 1016 388 1078 nobis
405 1037 497 1096 opera
510 1018 612 1077 danda
626 1036 689 1077 non
703 1027 749 1078 est
768 1038 869 1095 neque
882 1017 933 1079 illa
947 1038 1015 1080 mea
1028 1018 1129 1079 cautio

123 1128 153 1178 et
167 1116 311 1178 timiditas
324 1116 357 1175 in
371 1114 468 1176 causis
482 1126 605 1193 propter
613 1127 815 1195 praestantem
827 1117 1017 1195 prudentiam
1029 1116 1129 1179 Crassi

123 1215 309 1293 neglegenda
337 1223 382 1274 est
394 1233 403 1287 ;
433 1222 559 1291 uterque
586 1213 668 1274 enim
696 1213 822 1275 istorum
845 1234 908 1275 non
931 1214 1005 1274 mihi
1029 1214 1129 1275 attulit

81 1333 112 1370 10
122 1312 263 1390 aliquam,
287 1312 341 1371 sed
365 1329 450 1370 suam
476 1309 653 1388 significavit
681 1313 860 1373 facultatem.
919 1312 1040 1373 Etenim
1065 1332 1129 1390 per-
1142 1334 1190 1385 301

123 1411 219 1470 multa
242 1407 365 1469 suntin
390 1406 487 1468 causis
511 1407 543 1468 in
568 1408 652 1469 omni
679 1421 763 1486 parte
787 1409 929 1470 orationis
957 1409 1129 1489 circumspi-

123 1506 239 1582 cienda,
255 1526 294 1566 ne
309 1505 382 1584 quid
397 1507 541 1580 offendas,
557 1526 596 1567 ne
611 1526 673 1586 quo
687 1506 808 1568 inruas:
830 1527 920 1586 saepe
936 1506 1029 1585 aliqui
1043 1507 1128 1568 testis

123 1616 252 1667 autnon
265 1603 358 1664 laedit
377 1615 430 1664 aut
451 1603 550 1664 minus
571 1603 674 1680 laedit,
687 1605 745 1666 nisi
765 1607 948 1680 lacessatur;
969 1616 1034 1666 orat
1051 1624 1126 1678 reus,

124 1713 231 1781 urgent
250 1700 398 1775 advocati,
421 1713 454 1762 ut
475 1700 661 1776 invehamur,
682 1713 716 1762 ut
738 1704 815 1764 male
836 1702 981 1777 dicamus,
997 1701 1129 1780 denique

80 1823 110 1875 15
124 1812 158 1861 ut
179 1799 413 1877 interrogemus:
442 1819 505 1860 non
526 1818 660 1873 moveor,
679 1819 742 1859 non
764 1799 949 1879 obtempero,
972 1819 1035 1860 non
1058 1798 1129 1859 satis

124 1897 222 1972 laci03
242 1916 341 1975 neque
355 1907 456 1957 tamen
471 1897 563 1956 ullam
573 1897 724 1973 adsequor
737 1898 878 1972 laudem;
894 1896 1033 1958 homines
1047 1895 1128 1958 enim

123 1994 252 2074 imperiti
279 1993 394 2055 facilius
422 1994 507 2072 quod
536 1995 626 2055 stulte
655 1994 763 2056 dixeris
792 1996 1009 2073 reprehendere
1036 2013 1129 2072 quam

124 2094 208 2172 quod
226 2091 376 2170 sapienter
392 2090 519 2152 tacueris
538 2093 659 2153 laudare
678 2103 812 2170 possunt.
857 2092 919 2154 Hic
933 2102 1081 2171 quantum
1095 2091 1128 2151 fit
1142 2114 1190 2165 302

125 2190 203 2266 mali,
220 2189 245 2251 si
259 2189 377 2264 iratum,
387 2188 413 2249 si
427 2208 490 2250 non
504 2191 640 2263 stultum,
648 2188 673 2249 si
687 2209 750 2250 non
763 2190 861 2251 levem
873 2201 980 2252 testem
995 2189 1128 2252 laeseris!

80 2312 112 2348 20
125 2289 230 2349 Habet
250 2287 332 2348 enim
346 2297 377 2348 et
390 2289 576 2348 voluntatem
597 2286 728 2347 nocendi
749 2285 781 2346 in
801 2286 956 2349 iracundia
970 2299 1000 2349 et
1014 2287 1075 2348 vim
1096 2287 1128 2347 in

124 2385 245 2465 ingenio
259 2396 290 2446 et
303 2386 424 2463 pondus
438 2383 470 2444 in
484 2383 552 2445 vita
596 2386 671 2458 Nec,
694 2383 720 2443 si
740 2384 800 2444 hoc
819 2385 945 2447 Crassus
966 2404 1029 2445 non
1047 2405 1129 2446 com·

124 2483 223 2558 mittit,
239 2483 309 2544 ideo
328 2503 390 2544 non
408 2481 494 2542 multi
515 2492 546 2543 et
565 2501 655 2559 saepe
674 2481 874 2542 committunt
918 2483 990 2558 Quo
1004 2481 1128 2560 quidem

124 2581 199 2641 mihi
212 2580 327 2660 turpius
340 2579 434 2641 videri
448 2579 523 2640 nihil
539 2581 625 2654 solet,
639 2599 731 2657 quam
750 2580 834 2657 quod
853 2599 890 2640 ex
908 2578 1032 2640 oratoris
1045 2578 1129 2641 dicto

124 2678 226 2756 aliquo
240 2690 292 2739 aut
306 2697 450 2756 responso
463 2689 516 2738 aut
529 2688 633 2755 rogato
647 2696 746 2738 sermo
760 2676 810 2738 ille
824 2676 970 2755 sequitur:
986 2675 1128 2738 ‘occidit'

79 2799 109 2848 ²5
128 2775 437 2837 ‘Adversariumnei'
473 2776 593 2837 ‘Immo
614 2777 703 2837 vero'
717 2774 801 2836 aiunt
817 2778 868 2836 ‘se
888 2785 919 2836 et
939 2794 1019 2848 eum,
1034 2793 1125 2852 quem

124 2874 278 2935 delendit'
329 2875 401 2934 Hoc
423 2874 547 2936 Crassus
572 2892 635 2934 non
656 2883 742 2951 putat
765 2871 823 2933 nisi
845 2871 969 2950 perfidia
989 2870 1124 2933 accidere
1138 2839 1188 2981 ⁷33

123 2992 233 3050 posse;
254 2992 312 3050 ego
330 2982 432 3032 autem
453 2970 626 3050 saepissime
645 2970 734 3032 video
753 2969 785 3030 in
802 2969 900 3031 causis
918 2968 1032 3049 aliquid
1054 2933 1152 3029 mali³

124 3072 220 3132 lacere
241 3069 379 3131 homines
401 3068 526 3130 minime
547 3071 650 3130 malos.
705 3067 799 3145 Quid,
823 3067 906 3143 illud,
932 3069 1016 3145 quod
1038 3086 1127 3145 supra

123 3166 193 3242 dixi,
209 3170 305 3227 solere
319 3186 368 3227 me
385 3167 493 3227 cedere
506 3176 547 3239 et,
561 3176 594 3225 ut
612 3164 730 3244 planius
750 3165 858 3240 dicam,
875 3166 976 3243 lugere
990 3184 1036 3240 ea,
1049 3183 1128 3242 quae

78 3286 111 3336 30
124 3265 212 3325 valde
235 3284 359 3325 causam
380 3282 480 3323 meam
501 3274 679 3341 premerent,
702 3282 773 3324 cum
800 3261 833 3323 id
857 3281 919 3323 non
945 3262 1058 3323 faciunt
1078 3261 1128 3323 alii

157 3416 191 3466 M
199 3441 221 3460 =
234 3417 318 3467 ΑΕΗ
426 3433 436 3466 r
456 3418 499 3479 qui
511 3454 518 3468 .
531 3454 539 3467 .
553 3453 559 3467 .
572 3417 640 3466 itarit
662 3424 691 3467 ut
710 3415 862 3480 intellegere
881 3432 929 3480 pos
942 3454 967 3468 ..
982 3453 989 3469 .
1002 3420 1087 3468 animo
1099 3415 1132 3465 Μ

125 3483 194 3545 (cum
205 3484 311 3548 lamma)
406 3499 422 3546 3
440 3484 545 3533 effluere
556 3483 625 3547 vulg.
639 3498 646 3532 s
662 3484 765 3531 efficere
776 3481 839 3546 My:
857 3483 972 3546 effugere
984 3499 1011 3532 m
1112 3498 1128 3544 5

124 3548 188 3598 nolit
198 3546 231 3596 M
313 3565 343 3611 14
359 3557 403 3599 aut
415 3550 481 3599 male
492 3546 526 3596 M
609 3549 640 3597 16
658 3547 752 3597 nullam
764 3545 798 3595 M
874 3563 908 3598 ao
924 3549 952 3597 in
964 3548 1021 3613 (ὀὴ)
1034 3564 1084 3600 om.
1098 3547 1132 3597 Μ

124 3628 154 3662 ar
173 3621 218 3664 et.
234 3650 263 3665 ..
282 3612 334 3664 vita
346 3613 379 3663 Μ
387 3615 459 3678 (mm
470 3612 573 3678 lacuna)
651 3627 684 3674 aa
701 3613 769 3675 quod
781 3609 826 3661 M:
845 3627 903 3664 cum
919 3612 1022 3678 Lvutg.
1096 3630 1127 3676 ²4

124 3686 215 3742 rogatu
227 3677 260 3728 M
268 3681 336 3745 vulg.
349 3697 355 3729 z
373 3687 463 3743 rogato
474 3695 528 3731 nce.
