2648 4216
463 264 522 324 DE
543 263 751 326 ORATORE
794 263 828 323 11
1158 273 1202 335 59
1213 281 1259 334 ²39

178 433 250 493 Duo
272 442 343 491 sunt
364 429 445 492 enim
466 451 576 510 genera
599 430 781 504 facetiarum,
805 450 933 509 quorum
961 431 1086 492 alterum
1113 448 1145 490 re

135 539 287 604 tractatur,
301 531 426 591 alterum
440 527 541 590 dicto:
561 549 604 604 re,
614 527 639 589 si
654 530 776 607 quando
790 527 864 606 quid
879 538 1032 606 tamquam
1045 526 1146 605 aliqua
1162 546 1210 596 240

134 627 245 688 sabella
266 637 410 699 narratur,
428 635 462 685 ut
485 624 558 686 olim
580 635 622 699 tu,
643 626 760 699 Crasse,
782 623 814 684 in
836 623 1027 698 Memmium,
1047 643 1146 685 come-

135 723 216 786 disse
230 743 300 785 eum
317 725 461 785 lacertum
476 721 572 801 Largi,
587 742 658 783 cum
675 733 754 784 esset
771 742 843 783 cum
862 741 900 784 eo
914 720 1091 782 Tarracinae
1104 722 1144 782 de

105 840 120 890 5
135 821 265 882 amicula
272 820 381 881 rixatus
392 843 400 880 τ
413 822 502 895 salsa,
509 839 546 880 ac
556 830 659 881 tamen
672 830 731 881 ate
741 817 808 897 ipso
819 820 889 880 ficta
898 814 989 900 [tota]
999 817 1145 892 narratio;

134 917 277 980 addidisti
294 919 480 979 clausulam:
508 927 572 978 tota
585 917 746 978 Tarracina
762 928 827 977 tum
844 915 986 977 omnibus
1005 915 1036 975 in
1053 915 1145 994 parie-

134 1016 216 1078 tibus
232 1015 388 1094 inscriptas
406 1015 498 1077 fuisse
516 1013 628 1076 litteras
647 1016 875 1089 L.L.L.M.M.;
898 1034 968 1075 cum
988 1033 1145 1091 quaereres

134 1114 167 1176 id
194 1113 268 1193 quid
292 1125 379 1188 esset,
408 1133 512 1176 senem
537 1112 593 1174 tibi
620 1115 772 1191 quendam
800 1111 987 1192 oppidanum
1014 1111 1144 1174 dixisse:

136 1213 264 1272 ‘lacerat
291 1213 434 1272 lacertum
463 1209 550 1288 Largi
585 1213 709 1272 mordax
737 1210 919 1272 Memmius!
974 1208 1144 1287 Perspicitis
1159 1232 1204 1282 241

90 1327 121 1363 10
134 1328 229 1387 genus
243 1310 302 1369 hoc
313 1328 403 1387 quam
418 1307 456 1368 sit
470 1311 611 1383 facetum,
622 1328 713 1386 quarn
727 1310 858 1387 elegans,
866 1328 957 1386 quarn
972 1306 1144 1382 oratorium,

134 1405 198 1468 sive
211 1407 323 1468 habeas
336 1427 405 1468 vere
423 1408 507 1485 quod
527 1427 645 1467 narrare
661 1405 766 1485 possis,
781 1406 866 1484 quod
882 1418 984 1467 tamen
1000 1416 1046 1467 est
1063 1425 1145 1466 men·

133 1503 320 1564 daciunculis
346 1506 574 1583 aspergendum,
604 1503 666 1565 sive
696 1505 798 1581 fingas.
851 1505 906 1564 Est
932 1514 1033 1565 autern
1054 1502 1144 1564 huius

133 1600 250 1679 generis
279 1600 380 1677 virtus,
409 1612 443 1662 ut
470 1601 512 1662 ita
539 1604 617 1663 iacta
644 1603 843 1677 demonstres,
870 1612 904 1663 ut
936 1621 1034 1663 mores
1068 1600 1141 1674 eius,

133 1698 175 1759 de
193 1717 255 1776 quo
275 1718 383 1772 narres,
401 1709 436 1760 ut
456 1717 563 1772 sermo,
584 1709 618 1759 ut
633 1701 733 1759 vultus
753 1717 861 1759 omnes
879 1697 1091 1776 exprimantur,
1109 1709 1143 1758 ut

90 1815 119 1868 ¹5
133 1793 187 1870 eis,
200 1793 254 1873 qui
266 1794 402 1871 audiunt,
418 1806 483 1856 tum
499 1795 561 1874 geri
580 1794 631 1856 illa
649 1794 773 1874 fierique
787 1795 951 1858 videantur.
995 1798 1033 1857 In
1051 1815 1083 1857 re
1097 1806 1143 1857 est
1158 1814 1204 1864 242

133 1892 206 1954 item
220 1890 389 1968 ridiculum,
402 1894 487 1972 quod
504 1914 541 1954 ex
559 1894 690 1971 quadam
710 1895 872 1971 depravata
884 1892 1050 1955 imitatione
1064 1893 1143 1954 sumi

133 1992 218 2065 solet,
234 2000 267 2050 ut
280 1989 362 2052 idem
377 1992 523 2054 Crassus:
546 1996 617 2070 ‘per
633 2002 717 2052 tuam
736 1991 932 2066 nobilitatem,
948 2011 1001 2070 per
1014 2001 1142 2052 vestram

133 2086 276 2148 familiam
289 2090 312 2149 l'
354 2088 438 2166 Quid
465 2089 547 2151 aliud
575 2089 638 2162 suit,
663 2089 695 2151 in
723 2109 785 2167 quo
812 2088 915 2150 contio
942 2089 1058 2164 rideret,
1084 2088 1142 2150 nisi

133 2183 184 2246 illa
210 2187 309 2246 vultus
336 2197 367 2247 et
393 2186 477 2247 vocis
503 2185 655 2248 imitatio?
695 2189 774 2247 ‘Per
800 2197 867 2247 tuas
894 2188 1043 2248 statuasl’
1071 2207 1143 2249 vero

90 2306 120 2341 20
133 2302 203 2344 cum
230 2282 305 2344 dixit
332 2294 363 2345 et
394 2295 515 2346 extento
545 2282 686 2345 bracchio
718 2285 841 2362 paulurn
873 2283 963 2344 etiarn
990 2286 1030 2346 de
1056 2296 1141 2363 gestu

131 2380 259 2456 addidit,
286 2382 494 2444 vehementius
527 2381 653 2443 risimus.
708 2384 755 2442 Ex
788 2383 847 2444 hoc
881 2402 990 2461 genere
1020 2393 1066 2444 est
1093 2382 1143 2443 illa

134 2479 286 2541 Rosciana
306 2479 432 2542 imitatio
453 2480 553 2542 senis:

156 2584 222 2645 ‘tibi
233 2606 297 2664 ego,
309 2585 455 2664 Antipho,
464 2588 517 2647 has
528 2606 605 2661 sero,
615 2585 713 2665 inquit
719 2608 728 2661 ;
744 2585 897 2659 seniumst,
909 2605 1002 2664 quom
1013 2585 1123 2647 audio!

133 2689 228 2768 Atqui
249 2690 291 2751 ita
313 2702 358 2752 est
380 2702 478 2753 totum
498 2693 557 2752 hoc
578 2691 644 2770 ipso
664 2711 773 2769 genere
793 2690 964 2765 ridiculum,
983 2702 1017 2751 ut
1038 2691 1143 2752 cautis-

89 2810 119 2858 ²5
133 2789 209 2851 sime
229 2792 417 2851 tractandum
438 2790 477 2851 sit
488 2812 497 2865 ;
524 2790 685 2852 mimorum
706 2800 752 2850 est
772 2789 853 2852 enirn
872 2800 903 2851 et
922 2791 1140 2867 ethologorum,

133 2887 158 2946 si
186 2887 279 2949 nimia
306 2899 351 2950 est
378 2887 513 2962 imitatio,
543 2888 620 2950 sicut
646 2887 824 2950 obscenitas.
868 2887 976 2950 Orator
1006 2886 1142 2966 surripiat

133 2996 251 3063 oportet
272 2983 477 3059 imitationem,
497 2996 531 3046 ut
551 2985 585 3059 is,
605 2985 657 3064 qui
679 2985 788 3058 audiet,
811 2985 922 3064 cogitet
943 2987 1028 3065 plura
1050 3005 1141 3064 quam

132 3081 250 3156 videat,
272 3094 401 3160 praestet
414 3082 501 3177 idem
524 3083 738 3162 ingenuitatem
759 3094 790 3145 et
813 3085 952 3144 ruborem
974 3103 1062 3144 suum
1080 3104 1142 3145 ver·
1154 3135 1199 3194 60

133 3180 240 3240 borum
269 3179 453 3258 turpitudine
480 3192 510 3242 et
538 3201 636 3241 rerum
664 3181 850 3242 obscenitate
877 3180 1006 3243 vitanda
1061 3184 1141 3260 Ergo
1156 3239 1203 3289 ²43

166 3323 199 3371 M
209 3324 310 3372 =HA²
398 3325 843 3387 aaliquaesabellaenarranturM
950 3325 1143 3387 5totaom.M

134 3391 266 3452 qlitteras
284 3388 393 3439 dqu:
418 3391 434 3440 l.
457 3392 521 3440 duas
541 3407 584 3439 m:
611 3392 659 3440 tria
676 3392 691 3441 Ι.
712 3392 727 3442 l.
750 3393 764 3440 l.
784 3393 835 3441 duo
853 3408 884 3442 m.
903 3409 934 3440 rn.
953 3393 991 3442 L:
1017 3393 1138 3441 LLLMM

132 3455 229 3505 Schelle
326 3470 493 3517 quereremus
510 3455 542 3502 M
682 3459 698 3505 8
723 3458 879 3520 oppidanum
898 3473 950 3508 om.
972 3457 1003 3506 M
1022 3459 1079 3519 (vei'i
1094 3458 1138 3508 tire.

133 3528 170 3584 sp.
198 3535 251 3568 vae.
274 3519 342 3582 HA)
460 3536 489 3570 11
516 3537 577 3571 vere
595 3537 647 3571 om.
672 3521 705 3569 M
722 3524 786 3586 (sive
812 3522 854 3587 A)
953 3525 1055 3572 tandem
1082 3522 1138 3571 HA

136 3599 166 3633 ra
182 3586 281 3646 fingere
296 3582 328 3632 M
342 3586 437 3647 (finger
452 3603 490 3635 xx
505 3586 549 3637 tire.
567 3587 727 3652 savanei)
844 3604 874 3637 21
893 3589 1067 3639 addi...Ex
1083 3586 1137 3636 HA

135 3651 185 3712 (xx
196 3650 240 3698 liet.
255 3658 293 3713 sp.
308 3652 391 3712 vac.):
409 3651 506 3701 addidit
521 3668 554 3701 ex
566 3669 593 3700 m
681 3667 713 3713 24
730 3654 801 3716 atqui
812 3652 963 3704 Fleckeisen:
980 3660 1059 3717 atque
1070 3652 1139 3705 codd.

135 3721 189 3764 toto
206 3713 239 3763 M
300 3717 333 3764 2⁶
349 3715 537 3766 aestimatioM
