2648 4216
460 245 518 305 ou
539 243 747 307 ounrouu
788 244 823 305 11
1154 256 1244 320 ωηο

139 424 218 490 sunt,
233 425 286 476 aut
305 412 395 477 etiam
414 411 471 485 illa,
492 431 571 490 quae
590 410 718 490 insignia
739 431 776 473 ac
795 431 892 491 paene
911 410 1024 484 vitiosa,
1040 429 1144 472 conse·

139 523 257 574 ctantur
275 509 430 571 imitando.
474 509 558 569 Nihil
573 520 618 570 est
632 508 756 582 facilius,
772 529 863 587 quam
877 508 1021 569 amictum
1035 507 1144 568 imitari
1156 522 1187 575 91

138 608 264 670 alicuius
277 619 330 669 aut
343 617 454 668 statum
467 617 519 668 aut
534 618 650 668 motum
661 628 670 681 ;
690 605 715 668 si
729 626 800 667 vero
813 605 904 667 etiam
918 605 1015 666 vitiosi
1029 604 1144 683 aliquid

140 718 193 780 est,
208 705 241 767 id
255 725 372 767 sumere
389 717 420 765 et
437 703 469 765 in
486 724 524 766 eo
542 703 616 765 vitio
631 705 754 764 similem
773 723 919 766 essenon
933 723 1075 781 magnum
1089 714 1142 776 est,

111 815 174 876 sut
196 802 255 877 ille,
278 801 331 881 qui
353 822 435 863 nunc
459 802 559 877 etiam,
581 802 691 863 amissa
714 821 797 876 voce,
820 801 890 862 furit
910 801 941 862 in
962 821 993 862 re
1014 801 1143 879 publica,

140 902 251 974 Fufius,
270 919 377 960 nervos
394 900 426 960 in
444 899 576 961 dicendo
591 901 626 962 C.
650 899 808 973 Fimbriae,
831 919 907 978 quos
925 911 1025 960 tamen
1039 898 1145 960 habuit

140 997 198 1070 ille,
209 1016 273 1057 non
286 996 468 1076 adsequitur,
481 996 540 1058 oris
551 996 727 1076 pravitatem
741 1008 772 1057 et
783 998 942 1058 verborum
956 994 1145 1057 latitudinem

140 1093 290 1169 imitatum
321 1095 376 1155 sed
396 1104 497 1156 tamen
514 1093 567 1155 ille
586 1114 643 1154 nec
664 1093 794 1173 deligere
815 1094 908 1169 scivit,
929 1092 1014 1155 cuius
1030 1091 1146 1172 potissi-

141 1211 225 1252 mum
252 1189 356 1251 similis
376 1203 463 1266 esset,
485 1204 516 1252 et
536 1190 567 1251 in
588 1211 626 1252 eo
647 1191 721 1270 ipso,
744 1212 835 1270 quem
857 1194 1013 1270 delegerat,
1036 1188 1145 1251 imitari

98 1310 130 1346 10
141 1288 232 1349 etiam
246 1287 317 1348 vitia
330 1288 443 1364 voluit;
471 1289 524 1368 qui
538 1301 639 1350 autem
656 1289 698 1350 ita
714 1289 811 1364 faciet,
828 1301 860 1350 ut
874 1301 1000 1368 oportet,
1015 1287 1145 1367 primum
1157 1303 1189 1354 9²

141 1385 242 1464 vigilet
255 1406 378 1448 necesse
392 1397 438 1446 est
456 1385 487 1446 in
507 1386 687 1465 deligendo;
718 1387 837 1460 deinde,
854 1406 945 1465 quem
959 1385 1098 1465 probarit,
1114 1385 1145 1445 in

142 1504 189 1559 eo,
215 1503 293 1561 quae
314 1483 442 1545 maxime
463 1485 618 1557 excellent,
641 1503 677 1545 ea
697 1482 923 1562 diligentissime
944 1494 1144 1561 persequatur.

143 1580 227 1659 Quid
258 1580 339 1642 enim
375 1601 482 1642 causae
512 1581 642 1642 censetis
674 1601 739 1642 esse
767 1601 820 1642 cur
847 1592 959 1642 aetates
990 1580 1148 1642 extulerint

142 1678 276 1758 singulae
298 1677 414 1756 singula
440 1698 535 1758 prope
561 1698 671 1757 genera
698 1677 842 1739 dicendi?
876 1678 969 1754 Quod
997 1697 1059 1738 non
1086 1689 1148 1738 tam

100 1797 128 1847 15
142 1776 229 1838 facile
243 1776 275 1836 in
289 1775 397 1837 nostris
417 1776 584 1838 oratoribus
604 1796 765 1854 possumus
786 1775 927 1850 iudicare,
942 1775 1014 1854 quia
1030 1774 1147 1853 scripta,

142 1895 181 1936 ex
193 1873 304 1952 quibus
317 1873 462 1934 iudicium
477 1873 540 1935 fieri
555 1885 665 1952 posset,
681 1894 743 1935 non
761 1876 855 1935 multa
868 1893 941 1934 sane
954 1872 1147 1952 reliquerunt,

143 1992 236 2050 quam
250 1971 282 2031 in
296 1971 426 2046 Graecis,
443 1992 480 2032 ex
498 1992 627 2051 quorum
645 1971 769 2050 scriptis,
786 1971 931 2050 cuiusque
949 1971 1055 2033 aetatis
1071 1991 1148 2050 quae

143 2069 266 2132 dicendi
280 2069 355 2131 ratio
369 2072 567 2149 voluntasque
589 2069 685 2145 fuerit,
702 2070 833 2148 intellegi
847 2082 953 2149 potest
997 2069 1149 2148 Antiquis
1161 2081 1194 2134 93

145 2167 213 2229 simi
236 2170 299 2229 lere
319 2179 398 2242 sunt,
421 2188 550 2247 quorum
574 2167 699 2246 quidem
721 2167 830 2246 scripta
854 2179 999 2242 constent,
1021 2167 1149 2228 Pericles

102 2286 133 2322 20
145 2276 238 2345 atque
263 2265 438 2328 Alcibiades
465 2277 495 2327 et
523 2268 630 2327 eadem
658 2277 756 2326 aetate
784 2265 985 2342 Thucydides,
1015 2265 1148 2339 subtiles,

145 2362 235 2437 acuti,
249 2363 363 2439 breves,
379 2363 594 2442 sententiisque
612 2363 706 2441 magis
727 2383 818 2441 quam
832 2363 930 2423 verbis
943 2363 1150 2424 abundantes:

145 2480 208 2521 non
222 2460 369 2539 potuisset
387 2461 531 2536 accidere,
552 2471 585 2522 ut
604 2481 699 2522 unum
721 2481 815 2538 genus
830 2472 909 2522 esset
927 2460 1071 2535 omnium,
1092 2459 1151 2521 nisi

144 2557 277 2636 aliquem
299 2557 357 2619 sibi
378 2570 579 2637 proponerent
600 2560 640 2619 ad
664 2557 852 2618 imitandum.
896 2557 1059 2620 Consecuti
1081 2569 1151 2618 sunt

146 2657 203 2717 hos
218 2655 334 2728 Critias,
347 2656 558 2731 Theramenes,
572 2655 694 2733 Lysias:
717 2657 811 2715 multa
825 2654 931 2732 Lysiae
940 2654 1048 2732 scripta
1062 2665 1150 2730 sunt;

102 2777 131 2826 ²5
145 2773 209 2814 non
222 2754 305 2813 nulla
323 2752 452 2828 Critiae:
482 2755 522 2815 de
540 2755 730 2815 Theramene
748 2752 906 2827 audimus;
935 2772 1040 2813 omnes
1059 2752 1149 2813 etiam

146 2859 211 2910 tum
224 2848 393 2911 retinebant
406 2849 490 2911 illum
502 2851 607 2913 Pericli
623 2871 737 2924 sucum,
748 2853 802 2911 sed
818 2861 902 2911 erant
910 2851 1000 2928 paulo
1014 2848 1150 2911 uberiore

146 2948 205 3007 filo.
250 2948 331 3008 Ecce
358 2946 414 3008 tibi
442 2958 487 3009 est
514 2959 633 3010 exortus
659 2950 814 3021 Isocrates,
846 2943 998 3028 [magister
1025 2944 1149 3006 istorum
1162 2964 1196 3015 94

146 3041 305 3126 omnium]
328 3044 414 3105 cuius
441 3046 555 3106 eludo
578 3057 731 3124 tamquam
755 3065 793 3106 ex
816 3065 896 3123 equo
920 3043 1052 3105 Troiano
1076 3043 1150 3105 meri

180 3200 213 3248 M
223 3223 244 3241 =
256 3198 341 3247 ΑΕΗ
435 3216 451 3263 3
468 3202 553 3250 vitiosi
565 3200 715 3250 Manutius:
732 3201 825 3251 vitiose
836 3200 904 3250 codd.
974 3216 989 3260 4
1008 3200 1078 3248 ineo
1090 3200 1151 3249 vitio

146 3265 257 3315 similem
264 3263 361 3315 Adler:
378 3265 404 3314 in
417 3282 449 3315 eo
457 3267 579 3315 vitiosum
589 3265 658 3316 codd.
672 3283 679 3314 ε
696 3268 723 3314 iu
736 3281 768 3314 eo
776 3266 839 3315 vitio
851 3273 931 3314 totum
945 3265 1063 3313 Mueller:
1081 3266 1106 3313 in
1118 3281 1150 3314 eo

148 3332 231 3394 ipsum
242 3330 362 3379 vitiosum
373 3331 485 3380 Ellendt:
504 3333 530 3380 in
542 3347 574 3381 eo
588 3331 752 3380 ambitiosum
764 3330 915 3380 Lachmann
927 3329 1033 3391 (Luml.
1050 3331 1075 3380 ii.
1091 3333 1150 3392 30):

147 3397 174 3445 in
191 3413 223 3445 eo
239 3395 298 3456 ipso
314 3396 376 3445 vitio
394 3412 446 3445 non
461 3412 536 3446 suum
548 3397 618 3445 Bake
798 3411 825 3446 11
845 3397 958 3459 probarit
974 3395 1063 3457 Soros:
1092 3411 1151 3458 pro·

147 3462 217 3510 bavit
232 3458 315 3511 coda:
334 3463 453 3524 probabit
461 3461 628 3511 Lachmann:
646 3463 792 3524 probaverit
799 3461 834 3510 ed.
845 3461 1008 3523 Non'mlerg:
1020 3461 1056 3509 ed.
1070 3459 1148 3510 Venel.

150 3529 214 3588 1488
229 3525 382 3589 (Omna‘bona'
392 3527 530 3579 Leonicentl
633 3543 663 3589 13
680 3527 785 3577 tulerint
799 3526 882 3588 Saros
981 3541 1012 3585 27
1031 3527 1153 3587 magister

148 3592 255 3642 istorum
273 3593 385 3640 omnium
403 3591 511 3641 damnat
523 3590 679 3642 Lambinus:
697 3592 769 3641 habel
784 3591 886 3640 Nom'us
893 3599 920 3654 p.
933 3588 1021 3651 344M
1118 3591 1154 3639 aa

147 3659 213 3725 meri
224 3657 324 3707 Nonius
335 3658 350 3708 l.
363 3658 379 3707 1.
393 3673 399 3706 :
417 3658 545 3706 innumeri
556 3656 626 3708 codd.

180 3754 228 3790 erc
243 3754 278 3789 or
289 3753 367 3790 onas.
1071 3737 1086 3786 7
