<?xml version="1.0" encoding="UTF-8"?>
<!DOCTYPE html PUBLIC "-//W3C//DTD XHTML 1.0 Transitional//EN"
    "http://www.w3.org/TR/xhtml1/DTD/xhtml1-transitional.dtd">
<html xmlns="http://www.w3.org/1999/xhtml" xml:lang="en" lang="en">
 <head>
  <title>
</title>
<meta http-equiv="Content-Type" content="text/html;charset=utf-8" />
  <meta name='ocr-system' content='tesseract 3.04.00' />
  <meta name='ocr-capabilities' content='ocr_page ocr_carea ocr_par ocr_line ocrx_word'/>
</head>
<body>
  <div class='ocr_page' id='page_1' title='image "./mtvlliciceronis01wilkgoog/mtvlliciceronis01wilkgoog_0120.png"; bbox 0 0 2648 4216; ppageno 0'>
   <div class='ocr_carea' id='block_1_1' title="bbox 452 285 1244 361">
    <p class='ocr_par' dir='ltr' id='par_1_1' title="bbox 452 285 1244 361">
     <span class='ocr_line' id='line_1_1' title="bbox 452 285 1244 361; baseline 0.003 -17"><span class='ocrx_word' id='word_1_1' title='bbox 452 286 510 345; x_wconf 78' lang='lat' dir='ltr'>os</span> <span class='ocrx_word' id='word_1_2' title='bbox 531 285 738 347; x_wconf 75' lang='lat' dir='ltr'>ortnrorus</span> <span class='ocrx_word' id='word_1_3' title='bbox 781 286 814 346; x_wconf 94' lang='lat'>11</span> <span class='ocrx_word' id='word_1_4' title='bbox 1148 299 1244 361; x_wconf 73' lang='lat'>81134</span> 
     </span>
    </p>
   </div>
   <div class='ocr_carea' id='block_1_2' title="bbox 81 447 1198 3260">
    <p class='ocr_par' dir='ltr' id='par_1_2' title="bbox 128 447 1138 822">
     <span class='ocr_line' id='line_1_2' title="bbox 130 447 1136 534; baseline 0.003 -26"><span class='ocrx_word' id='word_1_5' title='bbox 130 448 205 509; x_wconf 89' lang='lat' dir='ltr'>nihil</span> <span class='ocrx_word' id='word_1_6' title='bbox 239 449 339 525; x_wconf 89' lang='lat' dir='ltr'>Deci;</span> <span class='ocrx_word' id='word_1_7' title='bbox 384 453 424 512; x_wconf 92' lang='lat' dir='ltr'>de</span> <span class='ocrx_word' id='word_1_8' title='bbox 456 450 523 529; x_wconf 93' lang='lat' dir='ltr'>ipso</span> <span class='ocrx_word' id='word_1_9' title='bbox 558 447 666 534; x_wconf 90' lang='lat' dir='ltr'>[enim]</span> <span class='ocrx_word' id='word_1_10' title='bbox 705 449 843 512; x_wconf 90' lang='lat' dir='ltr'>universo</span> <span class='ocrx_word' id='word_1_11' title='bbox 878 471 986 528; x_wconf 85' lang='lat' dir='ltr'>genere</span> <span class='ocrx_word' id='word_1_12' title='bbox 1020 450 1136 512; x_wconf 88' lang='lat' dir='ltr'>infinita</span> 
     </span>
     <span class='ocr_line' id='line_1_3' title="bbox 129 546 1136 627; baseline 0.002 -21"><span class='ocrx_word' id='word_1_13' title='bbox 129 546 265 624; x_wconf 85' lang='lat' dir='ltr'>quaestio</span> <span class='ocrx_word' id='word_1_14' title='bbox 292 559 346 621; x_wconf 92' lang='lat' dir='ltr'>est,</span> <span class='ocrx_word' id='word_1_15' title='bbox 375 569 450 609; x_wconf 92' lang='lat' dir='ltr'>num</span> <span class='ocrx_word' id='word_1_16' title='bbox 478 569 577 627; x_wconf 90' lang='lat' dir='ltr'>poena</span> <span class='ocrx_word' id='word_1_17' title='bbox 604 548 739 610; x_wconf 86' lang='lat' dir='ltr'>videatur</span> <span class='ocrx_word' id='word_1_18' title='bbox 766 569 832 610; x_wconf 90' lang='lat' dir='ltr'>esse</span> <span class='ocrx_word' id='word_1_19' title='bbox 860 548 1056 624; x_wconf 86' lang='lat' dir='ltr'>adficiendus,</span> <span class='ocrx_word' id='word_1_20' title='bbox 1084 548 1136 627; x_wconf 92' lang='lat' dir='ltr'>qui</span> 
     </span>
     <span class='ocr_line' id='line_1_4' title="bbox 128 643 1138 726; baseline 0.002 -22"><span class='ocrx_word' id='word_1_21' title='bbox 128 643 225 705; x_wconf 88' lang='lat' dir='ltr'>civem</span> <span class='ocrx_word' id='word_1_22' title='bbox 255 666 293 706; x_wconf 89' lang='lat' dir='ltr'>ex</span> <span class='ocrx_word' id='word_1_23' title='bbox 324 657 445 706; x_wconf 90' lang='lat' dir='ltr'>senatus</span> <span class='ocrx_word' id='word_1_24' title='bbox 477 649 617 708; x_wconf 90' lang='lat' dir='ltr'>consulto</span> <span class='ocrx_word' id='word_1_25' title='bbox 646 645 758 726; x_wconf 85' lang='lat' dir='ltr'>patriae</span> <span class='ocrx_word' id='word_1_26' title='bbox 793 649 1015 708; x_wconf 88' lang='lat' dir='ltr'>conservandae</span> <span class='ocrx_word' id='word_1_27' title='bbox 1047 666 1138 707; x_wconf 90' lang='lat' dir='ltr'>causa</span> 
     </span>
     <span class='ocr_line' id='line_1_5' title="bbox 129 741 1137 822; baseline 0 -21"><span class='ocrx_word' id='word_1_28' title='bbox 129 741 318 816; x_wconf 85' lang='lat' dir='ltr'>interemerit,</span> <span class='ocrx_word' id='word_1_29' title='bbox 341 763 411 803; x_wconf 91' lang='lat' dir='ltr'>cum</span> <span class='ocrx_word' id='word_1_30' title='bbox 433 743 465 804; x_wconf 94' lang='lat' dir='ltr'>id</span> <span class='ocrx_word' id='word_1_31' title='bbox 485 763 538 822; x_wconf 92' lang='lat' dir='ltr'>per</span> <span class='ocrx_word' id='word_1_32' title='bbox 560 746 640 820; x_wconf 90' lang='lat' dir='ltr'>leges</span> <span class='ocrx_word' id='word_1_33' title='bbox 664 764 727 804; x_wconf 92' lang='lat' dir='ltr'>non</span> <span class='ocrx_word' id='word_1_34' title='bbox 752 742 853 805; x_wconf 90' lang='lat' dir='ltr'>liceret</span> <span class='ocrx_word' id='word_1_35' title='bbox 864 763 874 819; x_wconf 91' lang='lat'>;</span> <span class='ocrx_word' id='word_1_36' title='bbox 904 745 986 804; x_wconf 90' lang='lat' dir='ltr'>nulla</span> <span class='ocrx_word' id='word_1_37' title='bbox 1006 742 1137 820; x_wconf 89' lang='lat' dir='ltr'>denique</span> 
     </span>
    </p>

    <p class='ocr_par' dir='ltr' id='par_1_3' title="bbox 99 839 1198 1309">
     <span class='ocr_line' id='line_1_6' title="bbox 99 839 1138 920; baseline 0 -21"><span class='ocrx_word' id='word_1_38' title='bbox 99 850 174 906; x_wconf 75' lang='lat' dir='ltr'>sest</span> <span class='ocrx_word' id='word_1_39' title='bbox 195 860 295 915; x_wconf 92' lang='lat' dir='ltr'>causa,</span> <span class='ocrx_word' id='word_1_40' title='bbox 311 839 344 901; x_wconf 89' lang='lat' dir='ltr'>in</span> <span class='ocrx_word' id='word_1_41' title='bbox 364 860 425 918; x_wconf 90' lang='lat' dir='ltr'>qua</span> <span class='ocrx_word' id='word_1_42' title='bbox 445 840 485 915; x_wconf 87' lang='lat' dir='ltr'>id,</span> <span class='ocrx_word' id='word_1_43' title='bbox 506 844 589 920; x_wconf 94' lang='lat' dir='ltr'>quod</span> <span class='ocrx_word' id='word_1_44' title='bbox 611 841 642 902; x_wconf 94' lang='lat' dir='ltr'>in</span> <span class='ocrx_word' id='word_1_45' title='bbox 663 840 808 903; x_wconf 90' lang='lat' dir='ltr'>iudicium</span> <span class='ocrx_word' id='word_1_46' title='bbox 827 840 917 914; x_wconf 90' lang='lat' dir='ltr'>venit,</span> <span class='ocrx_word' id='word_1_47' title='bbox 936 861 1053 902; x_wconf 92' lang='lat' dir='ltr'>reorum</span> <span class='ocrx_word' id='word_1_48' title='bbox 1074 860 1138 919; x_wconf 91' lang='lat' dir='ltr'>per·</span> 
     </span>
     <span class='ocr_line' id='line_1_7' title="bbox 128 935 1137 1018; baseline 0 -21"><span class='ocrx_word' id='word_1_49' title='bbox 128 935 211 997; x_wconf 90' lang='lat' dir='ltr'>sonis</span> <span class='ocrx_word' id='word_1_50' title='bbox 231 956 267 997; x_wconf 94' lang='lat' dir='ltr'>ac</span> <span class='ocrx_word' id='word_1_51' title='bbox 287 957 350 998; x_wconf 93' lang='lat' dir='ltr'>non</span> <span class='ocrx_word' id='word_1_52' title='bbox 370 958 514 1016; x_wconf 87' lang='lat' dir='ltr'>generum</span> <span class='ocrx_word' id='word_1_53' title='bbox 535 938 668 1018; x_wconf 92' lang='lat' dir='ltr'>ipsorum</span> <span class='ocrx_word' id='word_1_54' title='bbox 689 938 827 1000; x_wconf 89' lang='lat' dir='ltr'>universa</span> <span class='ocrx_word' id='word_1_55' title='bbox 842 937 1030 1000; x_wconf 87' lang='lat' dir='ltr'>dubitatione</span> <span class='ocrx_word' id='word_1_56' title='bbox 1048 956 1137 1014; x_wconf 89' lang='lat' dir='ltr'>quae-</span> 
     </span>
     <span class='ocr_line' id='line_1_8' title="bbox 127 1033 1198 1115; baseline -0.002 -21"><span class='ocrx_word' id='word_1_57' title='bbox 127 1045 215 1094; x_wconf 88' lang='lat' dir='ltr'>ratur.</span> <span class='ocrx_word' id='word_1_58' title='bbox 259 1034 458 1111; x_wconf 90' lang='lat' dir='ltr'>Quinetiam</span> <span class='ocrx_word' id='word_1_59' title='bbox 479 1034 512 1096; x_wconf 93' lang='lat' dir='ltr'>in</span> <span class='ocrx_word' id='word_1_60' title='bbox 539 1034 582 1097; x_wconf 91' lang='lat' dir='ltr'>eis</span> <span class='ocrx_word' id='word_1_61' title='bbox 610 1035 690 1115; x_wconf 91' lang='lat' dir='ltr'>ipsis,</span> <span class='ocrx_word' id='word_1_62' title='bbox 714 1034 766 1096; x_wconf 92' lang='lat' dir='ltr'>ubi</span> <span class='ocrx_word' id='word_1_63' title='bbox 793 1038 833 1097; x_wconf 91' lang='lat' dir='ltr'>de</span> <span class='ocrx_word' id='word_1_64' title='bbox 860 1037 940 1096; x_wconf 93' lang='lat' dir='ltr'>facto</span> <span class='ocrx_word' id='word_1_65' title='bbox 967 1033 1134 1111; x_wconf 86' lang='lat' dir='ltr'>ambigitur,</span> <span class='ocrx_word' id='word_1_66' title='bbox 1152 1048 1198 1100; x_wconf 79' lang='lat'>¹35</span> 
     </span>
     <span class='ocr_line' id='line_1_9' title="bbox 128 1130 1136 1215; baseline -0.002 -23"><span class='ocrx_word' id='word_1_67' title='bbox 128 1131 280 1211; x_wconf 87' lang='lat' dir='ltr'>ceperitne</span> <span class='ocrx_word' id='word_1_68' title='bbox 300 1132 444 1211; x_wconf 89' lang='lat' dir='ltr'>pecunias</span> <span class='ocrx_word' id='word_1_69' title='bbox 464 1144 569 1194; x_wconf 90' lang='lat' dir='ltr'>contra</span> <span class='ocrx_word' id='word_1_70' title='bbox 589 1136 669 1211; x_wconf 87' lang='lat' dir='ltr'>leges</span> <span class='ocrx_word' id='word_1_71' title='bbox 689 1130 749 1215; x_wconf 76' lang='lat' dir='ltr'>[R]</span> <span class='ocrx_word' id='word_1_72' title='bbox 771 1133 891 1204; x_wconf 89' lang='lat' dir='ltr'>Decius,</span> <span class='ocrx_word' id='word_1_73' title='bbox 912 1142 1086 1210; x_wconf 88' lang='lat' dir='ltr'>argumenta</span> <span class='ocrx_word' id='word_1_74' title='bbox 1105 1141 1136 1191; x_wconf 93' lang='lat' dir='ltr'>et</span> 
     </span>
     <span class='ocr_line' id='line_1_10' title="bbox 128 1224 1135 1309; baseline -0.001 -19"><span class='ocrx_word' id='word_1_75' title='bbox 128 1228 288 1290; x_wconf 89' lang='lat' dir='ltr'>criminum</span> <span class='ocrx_word' id='word_1_76' title='bbox 301 1241 333 1291; x_wconf 93' lang='lat' dir='ltr'>et</span> <span class='ocrx_word' id='word_1_77' title='bbox 346 1229 530 1293; x_wconf 90' lang='lat' dir='ltr'>defensionis</span> <span class='ocrx_word' id='word_1_78' title='bbox 543 1243 719 1292; x_wconf 91' lang='lat' dir='ltr'>revocentur</span> <span class='ocrx_word' id='word_1_79' title='bbox 733 1241 851 1309; x_wconf 91' lang='lat' dir='ltr'>oportet</span> <span class='ocrx_word' id='word_1_80' title='bbox 864 1232 903 1291; x_wconf 91' lang='lat' dir='ltr'>ad</span> <span class='ocrx_word' id='word_1_81' title='bbox 917 1249 1011 1306; x_wconf 89' lang='lat' dir='ltr'>genus</span> <span class='ocrx_word' id='word_1_82' title='bbox 1025 1240 1055 1290; x_wconf 91' lang='lat' dir='ltr'>et</span> <span class='ocrx_word' id='word_1_83' title='bbox 1070 1224 1135 1309; x_wconf 88' lang='lat' dir='ltr'>[ad]</span> 
     </span>
    </p>

    <p class='ocr_par' dir='ltr' id='par_1_4' title="bbox 85 1325 1137 1796">
     <span class='ocr_line' id='line_1_11' title="bbox 85 1325 1136 1407; baseline -0.001 -21"><span class='ocrx_word' id='word_1_84' title='bbox 85 1344 116 1381; x_wconf 84' lang='lat'>10</span> <span class='ocrx_word' id='word_1_85' title='bbox 129 1337 265 1387; x_wconf 89' lang='lat' dir='ltr'>naturam</span> <span class='ocrx_word' id='word_1_86' title='bbox 293 1325 480 1390; x_wconf 89' lang='lat' dir='ltr'>universam:</span> <span class='ocrx_word' id='word_1_87' title='bbox 511 1330 595 1406; x_wconf 90' lang='lat' dir='ltr'>quod</span> <span class='ocrx_word' id='word_1_88' title='bbox 619 1339 823 1407; x_wconf 91' lang='lat' dir='ltr'>sumptuosus,</span> <span class='ocrx_word' id='word_1_89' title='bbox 844 1329 884 1388; x_wconf 90' lang='lat' dir='ltr'>de</span> <span class='ocrx_word' id='word_1_90' title='bbox 907 1325 1028 1399; x_wconf 79' lang='lat' dir='ltr'>luxurie,</span> <span class='ocrx_word' id='word_1_91' title='bbox 1053 1327 1136 1404; x_wconf 93' lang='lat' dir='ltr'>quod</span> 
     </span>
     <span class='ocr_line' id='line_1_12' title="bbox 128 1422 1137 1504; baseline -0.002 -19"><span class='ocrx_word' id='word_1_92' title='bbox 128 1423 218 1485; x_wconf 89' lang='lat' dir='ltr'>alieni</span> <span class='ocrx_word' id='word_1_93' title='bbox 236 1436 389 1504; x_wconf 90' lang='lat' dir='ltr'>appetens,</span> <span class='ocrx_word' id='word_1_94' title='bbox 408 1428 449 1487; x_wconf 94' lang='lat' dir='ltr'>de</span> <span class='ocrx_word' id='word_1_95' title='bbox 467 1424 596 1499; x_wconf 92' lang='lat' dir='ltr'>avaritia,</span> <span class='ocrx_word' id='word_1_96' title='bbox 611 1428 695 1504; x_wconf 92' lang='lat' dir='ltr'>quod</span> <span class='ocrx_word' id='word_1_97' title='bbox 716 1425 883 1499; x_wconf 90' lang='lat' dir='ltr'>seditiosus,</span> <span class='ocrx_word' id='word_1_98' title='bbox 902 1427 941 1486; x_wconf 90' lang='lat' dir='ltr'>de</span> <span class='ocrx_word' id='word_1_99' title='bbox 958 1422 1137 1484; x_wconf 91' lang='lat' dir='ltr'>turbulentis</span> 
     </span>
     <span class='ocr_line' id='line_1_13' title="bbox 127 1521 1137 1602; baseline -0.003 -18"><span class='ocrx_word' id='word_1_100' title='bbox 127 1533 158 1584; x_wconf 90' lang='lat' dir='ltr'>et</span> <span class='ocrx_word' id='word_1_101' title='bbox 172 1522 258 1583; x_wconf 90' lang='lat' dir='ltr'>malis</span> <span class='ocrx_word' id='word_1_102' title='bbox 272 1522 398 1599; x_wconf 92' lang='lat' dir='ltr'>civibus,</span> <span class='ocrx_word' id='word_1_103' title='bbox 411 1526 496 1602; x_wconf 90' lang='lat' dir='ltr'>quod</span> <span class='ocrx_word' id='word_1_104' title='bbox 514 1545 533 1585; x_wconf 99' lang='lat' dir='ltr'>a</span> <span class='ocrx_word' id='word_1_105' title='bbox 546 1523 647 1585; x_wconf 90' lang='lat' dir='ltr'>multis</span> <span class='ocrx_word' id='word_1_106' title='bbox 660 1523 798 1602; x_wconf 88' lang='lat' dir='ltr'>arguitur,</span> <span class='ocrx_word' id='word_1_107' title='bbox 814 1526 854 1585; x_wconf 93' lang='lat' dir='ltr'>de</span> <span class='ocrx_word' id='word_1_108' title='bbox 872 1543 980 1601; x_wconf 89' lang='lat' dir='ltr'>genere</span> <span class='ocrx_word' id='word_1_109' title='bbox 994 1521 1115 1583; x_wconf 91' lang='lat' dir='ltr'>testium</span> <span class='ocrx_word' id='word_1_110' title='bbox 1127 1542 1137 1595; x_wconf 93' lang='lat'>;</span> 
     </span>
     <span class='ocr_line' id='line_1_14' title="bbox 128 1618 1136 1701; baseline -0.003 -21"><span class='ocrx_word' id='word_1_111' title='bbox 128 1631 300 1699; x_wconf 88' lang='lat' dir='ltr'>contraque,</span> <span class='ocrx_word' id='word_1_112' title='bbox 316 1641 394 1699; x_wconf 89' lang='lat' dir='ltr'>quae</span> <span class='ocrx_word' id='word_1_113' title='bbox 414 1642 470 1701; x_wconf 93' lang='lat' dir='ltr'>pro</span> <span class='ocrx_word' id='word_1_114' title='bbox 490 1642 542 1683; x_wconf 91' lang='lat' dir='ltr'>reo</span> <span class='ocrx_word' id='word_1_115' title='bbox 562 1621 707 1696; x_wconf 89' lang='lat' dir='ltr'>dicentur,</span> <span class='ocrx_word' id='word_1_116' title='bbox 724 1620 826 1682; x_wconf 91' lang='lat' dir='ltr'>omnia</span> <span class='ocrx_word' id='word_1_117' title='bbox 842 1618 1010 1681; x_wconf 89' lang='lat' dir='ltr'>necessario</span> <span class='ocrx_word' id='word_1_118' title='bbox 1027 1639 1046 1679; x_wconf 99' lang='lat' dir='ltr'>a</span> <span class='ocrx_word' id='word_1_119' title='bbox 1063 1630 1136 1680; x_wconf 91' lang='lat' dir='ltr'>tem-</span> 
     </span>
     <span class='ocr_line' id='line_1_15' title="bbox 127 1718 1135 1796; baseline -0.001 -18"><span class='ocrx_word' id='word_1_120' title='bbox 127 1737 202 1795; x_wconf 89' lang='lat' dir='ltr'>pore</span> <span class='ocrx_word' id='word_1_121' title='bbox 214 1730 305 1796; x_wconf 93' lang='lat' dir='ltr'>atque</span> <span class='ocrx_word' id='word_1_122' title='bbox 319 1718 443 1780; x_wconf 90' lang='lat' dir='ltr'>homine</span> <span class='ocrx_word' id='word_1_123' title='bbox 456 1720 496 1779; x_wconf 95' lang='lat' dir='ltr'>ad</span> <span class='ocrx_word' id='word_1_124' title='bbox 510 1718 679 1780; x_wconf 90' lang='lat' dir='ltr'>communis</span> <span class='ocrx_word' id='word_1_125' title='bbox 693 1739 791 1780; x_wconf 91' lang='lat' dir='ltr'>rerum</span> <span class='ocrx_word' id='word_1_126' title='bbox 805 1729 835 1779; x_wconf 94' lang='lat' dir='ltr'>et</span> <span class='ocrx_word' id='word_1_127' title='bbox 848 1737 991 1796; x_wconf 91' lang='lat' dir='ltr'>generum</span> <span class='ocrx_word' id='word_1_128' title='bbox 1002 1736 1135 1777; x_wconf 90' lang='lat' dir='ltr'>summas</span> 
     </span>
    </p>

    <p class='ocr_par' dir='ltr' id='par_1_5' title="bbox 85 1814 1196 2317">
     <span class='ocr_line' id='line_1_16' title="bbox 85 1814 1194 1894; baseline -0.001 -19"><span class='ocrx_word' id='word_1_129' title='bbox 85 1833 113 1883; x_wconf 86' lang='lat'>15</span> <span class='ocrx_word' id='word_1_130' title='bbox 128 1818 322 1877; x_wconf 89' lang='lat' dir='ltr'>revolventur.</span> <span class='ocrx_word' id='word_1_131' title='bbox 366 1819 468 1894; x_wconf 90' lang='lat' dir='ltr'>Atque</span> <span class='ocrx_word' id='word_1_132' title='bbox 487 1818 561 1878; x_wconf 90' lang='lat' dir='ltr'>haec</span> <span class='ocrx_word' id='word_1_133' title='bbox 578 1817 701 1878; x_wconf 78' lang='lat' dir='ltr'>forsitan</span> <span class='ocrx_word' id='word_1_134' title='bbox 720 1815 835 1877; x_wconf 91' lang='lat' dir='ltr'>homini</span> <span class='ocrx_word' id='word_1_135' title='bbox 853 1835 917 1876; x_wconf 89' lang='lat' dir='ltr'>non</span> <span class='ocrx_word' id='word_1_136' title='bbox 931 1814 1040 1887; x_wconf 91' lang='lat' dir='ltr'>omnia,</span> <span class='ocrx_word' id='word_1_137' title='bbox 1056 1833 1134 1890; x_wconf 93' lang='lat' dir='ltr'>quae</span> <span class='ocrx_word' id='word_1_138' title='bbox 1148 1823 1194 1885; x_wconf 79' lang='lat'>13⁶</span> 
     </span>
     <span class='ocr_line' id='line_1_17' title="bbox 128 1911 1134 1992; baseline -0.002 -20"><span class='ocrx_word' id='word_1_139' title='bbox 128 1924 198 1973; x_wconf 92' lang='lat' dir='ltr'>sunt</span> <span class='ocrx_word' id='word_1_140' title='bbox 215 1912 248 1974; x_wconf 93' lang='lat' dir='ltr'>in</span> <span class='ocrx_word' id='word_1_141' title='bbox 268 1925 374 1975; x_wconf 90' lang='lat' dir='ltr'>natura</span> <span class='ocrx_word' id='word_1_142' title='bbox 390 1934 496 1987; x_wconf 91' lang='lat' dir='ltr'>rerum,</span> <span class='ocrx_word' id='word_1_143' title='bbox 517 1914 651 1976; x_wconf 90' lang='lat' dir='ltr'>celeriter</span> <span class='ocrx_word' id='word_1_144' title='bbox 666 1913 768 1975; x_wconf 91' lang='lat' dir='ltr'>animo</span> <span class='ocrx_word' id='word_1_145' title='bbox 787 1911 1054 1992; x_wconf 91' lang='lat' dir='ltr'>comprehendenti</span> <span class='ocrx_word' id='word_1_146' title='bbox 1071 1932 1134 1990; x_wconf 90' lang='lat' dir='ltr'>per-</span> 
     </span>
     <span class='ocr_line' id='line_1_18' title="bbox 128 2009 1134 2090; baseline -0.001 -20"><span class='ocrx_word' id='word_1_147' title='bbox 128 2013 223 2072; x_wconf 89' lang='lat' dir='ltr'>multa</span> <span class='ocrx_word' id='word_1_148' title='bbox 243 2010 407 2087; x_wconf 92' lang='lat' dir='ltr'>videantur,</span> <span class='ocrx_word' id='word_1_149' title='bbox 432 2032 510 2090; x_wconf 91' lang='lat' dir='ltr'>quae</span> <span class='ocrx_word' id='word_1_150' title='bbox 534 2010 655 2072; x_wconf 92' lang='lat' dir='ltr'>veniant</span> <span class='ocrx_word' id='word_1_151' title='bbox 677 2011 708 2071; x_wconf 94' lang='lat' dir='ltr'>in</span> <span class='ocrx_word' id='word_1_152' title='bbox 734 2009 878 2072; x_wconf 88' lang='lat' dir='ltr'>iudicium</span> <span class='ocrx_word' id='word_1_153' title='bbox 903 2021 976 2082; x_wconf 92' lang='lat' dir='ltr'>tum,</span> <span class='ocrx_word' id='word_1_154' title='bbox 1000 2029 1070 2069; x_wconf 91' lang='lat' dir='ltr'>cum</span> <span class='ocrx_word' id='word_1_155' title='bbox 1094 2011 1134 2070; x_wconf 90' lang='lat' dir='ltr'>de</span> 
     </span>
     <span class='ocr_line' id='line_1_19' title="bbox 127 2106 1135 2187; baseline 0 -19"><span class='ocrx_word' id='word_1_156' title='bbox 127 2110 207 2169; x_wconf 91' lang='lat' dir='ltr'>facto</span> <span class='ocrx_word' id='word_1_157' title='bbox 234 2120 410 2187; x_wconf 91' lang='lat' dir='ltr'>quaeratur;</span> <span class='ocrx_word' id='word_1_158' title='bbox 445 2111 500 2170; x_wconf 89' lang='lat' dir='ltr'>sed</span> <span class='ocrx_word' id='word_1_159' title='bbox 527 2119 628 2169; x_wconf 90' lang='lat' dir='ltr'>tamen</span> <span class='ocrx_word' id='word_1_160' title='bbox 656 2107 814 2168; x_wconf 89' lang='lat' dir='ltr'>criminum</span> <span class='ocrx_word' id='word_1_161' title='bbox 843 2106 1004 2168; x_wconf 92' lang='lat' dir='ltr'>multitudo</span> <span class='ocrx_word' id='word_1_162' title='bbox 1032 2118 1077 2167; x_wconf 91' lang='lat' dir='ltr'>est</span> <span class='ocrx_word' id='word_1_163' title='bbox 1104 2117 1135 2168; x_wconf 93' lang='lat' dir='ltr'>et</span> 
     </span>
     <span class='ocr_line' id='line_1_20' title="bbox 127 2173 1196 2317; baseline 0 -51"><span class='ocrx_word' id='word_1_164' title='bbox 127 2206 345 2279; x_wconf 81' lang='lat' dir='ltr'>defensionum,</span> <span class='ocrx_word' id='word_1_165' title='bbox 372 2227 435 2268; x_wconf 89' lang='lat' dir='ltr'>non</span> <span class='ocrx_word' id='word_1_166' title='bbox 459 2209 593 2267; x_wconf 90' lang='lat' dir='ltr'>locorum</span> <span class='ocrx_word' id='word_1_167' title='bbox 619 2206 742 2267; x_wconf 87' lang='lat' dir='ltr'>infinita</span> <span class='ocrx_word' id='word_1_168' title='bbox 786 2207 874 2282; x_wconf 90' lang='lat' dir='ltr'>Quae</span> <span class='ocrx_word' id='word_1_169' title='bbox 898 2225 976 2277; x_wconf 91' lang='lat' dir='ltr'>ver0,</span> <span class='ocrx_word' id='word_1_170' title='bbox 1001 2225 1071 2265; x_wconf 91' lang='lat' dir='ltr'>cum</span> <span class='ocrx_word' id='word_1_171' title='bbox 1095 2207 1135 2266; x_wconf 91' lang='lat' dir='ltr'>de</span> <span class='ocrx_word' id='word_1_172' title='bbox 1148 2173 1196 2317; x_wconf 42' lang='grc' dir='ltr'>ᾗ</span> 
     </span>
    </p>

    <p class='ocr_par' dir='ltr' id='par_1_6' title="bbox 83 2300 1136 2771">
     <span class='ocr_line' id='line_1_21' title="bbox 83 2300 1136 2381; baseline 0.007 -25"><span class='ocrx_word' id='word_1_173' title='bbox 83 2321 114 2356; x_wconf 87' lang='lat'>20</span> <span class='ocrx_word' id='word_1_174' title='bbox 127 2304 207 2364; x_wconf 90' lang='lat' dir='ltr'>facto</span> <span class='ocrx_word' id='word_1_175' title='bbox 227 2324 290 2364; x_wconf 90' lang='lat' dir='ltr'>non</span> <span class='ocrx_word' id='word_1_176' title='bbox 311 2303 478 2381; x_wconf 92' lang='lat' dir='ltr'>ambigitur,</span> <span class='ocrx_word' id='word_1_177' title='bbox 499 2316 689 2381; x_wconf 90' lang='lat' dir='ltr'>quaeruntur,</span> <span class='ocrx_word' id='word_1_178' title='bbox 708 2303 808 2381; x_wconf 91' lang='lat' dir='ltr'>qualia</span> <span class='ocrx_word' id='word_1_179' title='bbox 828 2302 895 2376; x_wconf 89' lang='lat' dir='ltr'>sint,</span> <span class='ocrx_word' id='word_1_180' title='bbox 918 2323 955 2363; x_wconf 94' lang='lat' dir='ltr'>ea</span> <span class='ocrx_word' id='word_1_181' title='bbox 975 2300 1000 2362; x_wconf 93' lang='lat' dir='ltr'>si</span> <span class='ocrx_word' id='word_1_182' title='bbox 1022 2323 1058 2363; x_wconf 91' lang='lat' dir='ltr'>ex</span> <span class='ocrx_word' id='word_1_183' title='bbox 1079 2302 1136 2363; x_wconf 91' lang='lat' dir='ltr'>reis</span> 
     </span>
     <span class='ocr_line' id='line_1_22' title="bbox 127 2399 1133 2475; baseline 0.001 -16"><span class='ocrx_word' id='word_1_184' title='bbox 127 2420 274 2475; x_wconf 88' lang='lat' dir='ltr'>numeres,</span> <span class='ocrx_word' id='word_1_185' title='bbox 298 2411 329 2462; x_wconf 94' lang='lat' dir='ltr'>et</span> <span class='ocrx_word' id='word_1_186' title='bbox 351 2400 580 2462; x_wconf 92' lang='lat' dir='ltr'>innumerabilia</span> <span class='ocrx_word' id='word_1_187' title='bbox 603 2412 673 2460; x_wconf 91' lang='lat' dir='ltr'>sunt</span> <span class='ocrx_word' id='word_1_188' title='bbox 697 2412 727 2461; x_wconf 92' lang='lat' dir='ltr'>et</span> <span class='ocrx_word' id='word_1_189' title='bbox 749 2401 877 2461; x_wconf 92' lang='lat' dir='ltr'>obscura</span> <span class='ocrx_word' id='word_1_190' title='bbox 889 2422 898 2474; x_wconf 82' lang='lat'>3</span> <span class='ocrx_word' id='word_1_191' title='bbox 928 2399 953 2461; x_wconf 93' lang='lat' dir='ltr'>si</span> <span class='ocrx_word' id='word_1_192' title='bbox 978 2421 1014 2461; x_wconf 88' lang='lat' dir='ltr'>ex</span> <span class='ocrx_word' id='word_1_193' title='bbox 1036 2401 1133 2474; x_wconf 89' lang='lat' dir='ltr'>rebus,</span> 
     </span>
     <span class='ocr_line' id='line_1_23' title="bbox 126 2495 1135 2572; baseline 0 -17"><span class='ocrx_word' id='word_1_194' title='bbox 126 2498 214 2558; x_wconf 87' lang='lat' dir='ltr'>valde</span> <span class='ocrx_word' id='word_1_195' title='bbox 236 2509 268 2558; x_wconf 91' lang='lat' dir='ltr'>et</span> <span class='ocrx_word' id='word_1_196' title='bbox 290 2498 411 2559; x_wconf 90' lang='lat' dir='ltr'>modica</span> <span class='ocrx_word' id='word_1_197' title='bbox 432 2508 463 2558; x_wconf 92' lang='lat' dir='ltr'>et</span> <span class='ocrx_word' id='word_1_198' title='bbox 484 2497 619 2557; x_wconf 89' lang='lat' dir='ltr'>inlustria</span> <span class='ocrx_word' id='word_1_199' title='bbox 630 2518 638 2572; x_wconf 87' lang='lat'>;</span> <span class='ocrx_word' id='word_1_200' title='bbox 669 2497 786 2557; x_wconf 89' lang='lat' dir='ltr'>namsi</span> <span class='ocrx_word' id='word_1_201' title='bbox 808 2496 944 2557; x_wconf 89' lang='lat' dir='ltr'>Mancini</span> <span class='ocrx_word' id='word_1_202' title='bbox 965 2516 1086 2557; x_wconf 89' lang='lat' dir='ltr'>causam</span> <span class='ocrx_word' id='word_1_203' title='bbox 1103 2495 1135 2556; x_wconf 90' lang='lat' dir='ltr'>in</span> 
     </span>
     <span class='ocr_line' id='line_1_24' title="bbox 126 2593 1134 2672; baseline -0.002 -18"><span class='ocrx_word' id='word_1_204' title='bbox 126 2615 188 2655; x_wconf 92' lang='lat' dir='ltr'>uno</span> <span class='ocrx_word' id='word_1_205' title='bbox 217 2595 362 2656; x_wconf 91' lang='lat' dir='ltr'>Mancino</span> <span class='ocrx_word' id='word_1_206' title='bbox 390 2594 538 2672; x_wconf 90' lang='lat' dir='ltr'>ponimus,</span> <span class='ocrx_word' id='word_1_207' title='bbox 569 2593 839 2672; x_wconf 91' lang='lat' dir='ltr'>quotienscumque</span> <span class='ocrx_word' id='word_1_208' title='bbox 867 2593 900 2667; x_wconf 91' lang='lat' dir='ltr'>is,</span> <span class='ocrx_word' id='word_1_209' title='bbox 929 2613 1020 2671; x_wconf 89' lang='lat' dir='ltr'>quem</span> <span class='ocrx_word' id='word_1_210' title='bbox 1051 2605 1134 2671; x_wconf 90' lang='lat' dir='ltr'>pater</span> 
     </span>
     <span class='ocr_line' id='line_1_25' title="bbox 125 2692 1134 2771; baseline -0.001 -19"><span class='ocrx_word' id='word_1_211' title='bbox 125 2704 257 2771; x_wconf 91' lang='lat' dir='ltr'>patratus</span> <span class='ocrx_word' id='word_1_212' title='bbox 281 2693 439 2766; x_wconf 87' lang='lat' dir='ltr'>dediderit,</span> <span class='ocrx_word' id='word_1_213' title='bbox 466 2706 602 2771; x_wconf 91' lang='lat' dir='ltr'>receptus</span> <span class='ocrx_word' id='word_1_214' title='bbox 630 2714 692 2753; x_wconf 90' lang='lat' dir='ltr'>non</span> <span class='ocrx_word' id='word_1_215' title='bbox 719 2693 782 2766; x_wconf 91' lang='lat' dir='ltr'>erit,</span> <span class='ocrx_word' id='word_1_216' title='bbox 808 2692 917 2753; x_wconf 90' lang='lat' dir='ltr'>totiens</span> <span class='ocrx_word' id='word_1_217' title='bbox 942 2712 1032 2752; x_wconf 90' lang='lat' dir='ltr'>causa</span> <span class='ocrx_word' id='word_1_218' title='bbox 1056 2711 1134 2752; x_wconf 93' lang='lat' dir='ltr'>nova</span> 
     </span>
    </p>

    <p class='ocr_par' dir='ltr' id='par_1_7' title="bbox 81 2788 1193 3260">
     <span class='ocr_line' id='line_1_26' title="bbox 81 2788 1131 2866; baseline -0.005 -13"><span class='ocrx_word' id='word_1_219' title='bbox 81 2807 109 2853; x_wconf 82' lang='lat'>²5</span> <span class='ocrx_word' id='word_1_220' title='bbox 125 2803 281 2865; x_wconf 85' lang='lat' dir='ltr'>nascetur;</span> <span class='ocrx_word' id='word_1_221' title='bbox 306 2791 352 2851; x_wconf 92' lang='lat' dir='ltr'>sin</span> <span class='ocrx_word' id='word_1_222' title='bbox 373 2790 424 2850; x_wconf 92' lang='lat' dir='ltr'>illa</span> <span class='ocrx_word' id='word_1_223' title='bbox 445 2790 645 2852; x_wconf 91' lang='lat' dir='ltr'>controversia</span> <span class='ocrx_word' id='word_1_224' title='bbox 666 2810 787 2850; x_wconf 90' lang='lat' dir='ltr'>causam</span> <span class='ocrx_word' id='word_1_225' title='bbox 806 2790 884 2863; x_wconf 89' lang='lat' dir='ltr'>facit,</span> <span class='ocrx_word' id='word_1_226' title='bbox 900 2789 1074 2851; x_wconf 91' lang='lat' dir='ltr'>videaturne</span> <span class='ocrx_word' id='word_1_227' title='bbox 1094 2788 1131 2866; x_wconf 90' lang='lat' dir='ltr'>ei,</span> 
     </span>
     <span class='ocr_line' id='line_1_27' title="bbox 125 2887 1134 2967; baseline 0 -19"><span class='ocrx_word' id='word_1_228' title='bbox 125 2909 216 2967; x_wconf 91' lang='lat' dir='ltr'>quem</span> <span class='ocrx_word' id='word_1_229' title='bbox 235 2899 319 2967; x_wconf 90' lang='lat' dir='ltr'>pater</span> <span class='ocrx_word' id='word_1_230' title='bbox 338 2901 469 2967; x_wconf 88' lang='lat' dir='ltr'>patratus</span> <span class='ocrx_word' id='word_1_231' title='bbox 487 2888 643 2960; x_wconf 90' lang='lat' dir='ltr'>dediderit,</span> <span class='ocrx_word' id='word_1_232' title='bbox 660 2887 684 2948; x_wconf 93' lang='lat' dir='ltr'>si</span> <span class='ocrx_word' id='word_1_233' title='bbox 706 2887 731 2949; x_wconf 93' lang='lat' dir='ltr'>is</span> <span class='ocrx_word' id='word_1_234' title='bbox 752 2909 814 2949; x_wconf 91' lang='lat' dir='ltr'>non</span> <span class='ocrx_word' id='word_1_235' title='bbox 835 2888 873 2948; x_wconf 92' lang='lat' dir='ltr'>sit</span> <span class='ocrx_word' id='word_1_236' title='bbox 893 2899 1038 2966; x_wconf 90' lang='lat' dir='ltr'>receptus,</span> <span class='ocrx_word' id='word_1_237' title='bbox 1054 2899 1134 2966; x_wconf 93' lang='lat' dir='ltr'>post-</span> 
     </span>
     <span class='ocr_line' id='line_1_28' title="bbox 126 2985 1133 3063; baseline -0.002 -16"><span class='ocrx_word' id='word_1_238' title='bbox 126 2986 274 3047; x_wconf 90' lang='lat' dir='ltr'>liminium</span> <span class='ocrx_word' id='word_1_239' title='bbox 296 3007 369 3060; x_wconf 91' lang='lat' dir='ltr'>esse,</span> <span class='ocrx_word' id='word_1_240' title='bbox 394 2987 468 3047; x_wconf 89' lang='lat' dir='ltr'>nihil</span> <span class='ocrx_word' id='word_1_241' title='bbox 492 2989 532 3048; x_wconf 95' lang='lat' dir='ltr'>ad</span> <span class='ocrx_word' id='word_1_242' title='bbox 554 2999 648 3047; x_wconf 88' lang='lat' dir='ltr'>artem</span> <span class='ocrx_word' id='word_1_243' title='bbox 670 2985 792 3048; x_wconf 90' lang='lat' dir='ltr'>dicendi</span> <span class='ocrx_word' id='word_1_244' title='bbox 816 3007 873 3048; x_wconf 90' lang='lat' dir='ltr'>nec</span> <span class='ocrx_word' id='word_1_245' title='bbox 896 2988 936 3047; x_wconf 94' lang='lat' dir='ltr'>ad</span> <span class='ocrx_word' id='word_1_246' title='bbox 958 2997 1133 3063; x_wconf 88' lang='lat' dir='ltr'>argumenta</span> 
     </span>
     <span class='ocr_line' id='line_1_29' title="bbox 125 3084 1193 3163; baseline 0.002 -19"><span class='ocrx_word' id='word_1_247' title='bbox 125 3085 308 3146; x_wconf 88' lang='lat' dir='ltr'>defensionis</span> <span class='ocrx_word' id='word_1_248' title='bbox 337 3085 473 3145; x_wconf 91' lang='lat' dir='ltr'>Mancini</span> <span class='ocrx_word' id='word_1_249' title='bbox 500 3105 613 3145; x_wconf 88' lang='lat' dir='ltr'>nomen</span> <span class='ocrx_word' id='word_1_250' title='bbox 640 3085 768 3163; x_wconf 92' lang='lat' dir='ltr'>pertinet</span> <span class='ocrx_word' id='word_1_251' title='bbox 780 3107 788 3158; x_wconf 87' lang='lat'>3</span> <span class='ocrx_word' id='word_1_252' title='bbox 817 3106 862 3159; x_wconf 91' lang='lat' dir='ltr'>ac,</span> <span class='ocrx_word' id='word_1_253' title='bbox 886 3084 911 3144; x_wconf 92' lang='lat' dir='ltr'>si</span> <span class='ocrx_word' id='word_1_254' title='bbox 936 3084 1009 3162; x_wconf 92' lang='lat' dir='ltr'>quid</span> <span class='ocrx_word' id='word_1_255' title='bbox 1037 3086 1133 3145; x_wconf 91' lang='lat' dir='ltr'>adfert</span> <span class='ocrx_word' id='word_1_256' title='bbox 1148 3098 1193 3158; x_wconf 78' lang='lat'>13⁸</span> 
     </span>
     <span class='ocr_line' id='line_1_30' title="bbox 124 3181 1132 3260; baseline 0.002 -18"><span class='ocrx_word' id='word_1_257' title='bbox 124 3193 276 3260; x_wconf 86' lang='lat' dir='ltr'>praeterea</span> <span class='ocrx_word' id='word_1_258' title='bbox 297 3183 428 3243; x_wconf 91' lang='lat' dir='ltr'>hominis</span> <span class='ocrx_word' id='word_1_259' title='bbox 452 3194 504 3243; x_wconf 92' lang='lat' dir='ltr'>aut</span> <span class='ocrx_word' id='word_1_260' title='bbox 528 3182 656 3260; x_wconf 86' lang='lat' dir='ltr'>dignitas</span> <span class='ocrx_word' id='word_1_261' title='bbox 680 3194 731 3242; x_wconf 90' lang='lat' dir='ltr'>aut</span> <span class='ocrx_word' id='word_1_262' title='bbox 753 3181 921 3260; x_wconf 88' lang='lat' dir='ltr'>indignitas,</span> <span class='ocrx_word' id='word_1_263' title='bbox 943 3193 1025 3243; x_wconf 93' lang='lat' dir='ltr'>extra</span> <span class='ocrx_word' id='word_1_264' title='bbox 1044 3202 1132 3260; x_wconf 79' lang='lat' dir='ltr'>quae</span> 
     </span>
    </p>
   </div>
   <div class='ocr_carea' id='block_1_3' title="bbox 124 3336 1135 3795">
    <p class='ocr_par' dir='ltr' id='par_1_8' title="bbox 124 3336 1135 3795">
     <span class='ocr_line' id='line_1_31' title="bbox 152 3336 1132 3400; baseline 0.003 -15"><span class='ocrx_word' id='word_1_265' title='bbox 152 3337 192 3386; x_wconf 65' lang='lat' dir='ltr'>,M</span> <span class='ocrx_word' id='word_1_266' title='bbox 202 3361 223 3379; x_wconf 92' lang='lat'><em>=</em></span> <span class='ocrx_word' id='word_1_267' title='bbox 235 3336 320 3386; x_wconf 85' lang='grc' dir='ltr'>ΑΕΗ</span> <span class='ocrx_word' id='word_1_268' title='bbox 395 3353 406 3387; x_wconf 89' lang='lat'>1</span> <span class='ocrx_word' id='word_1_269' title='bbox 427 3337 491 3386; x_wconf 91' lang='lat' dir='ltr'>nihil</span> <span class='ocrx_word' id='word_1_270' title='bbox 503 3353 553 3388; x_wconf 90' lang='lat' dir='ltr'>om.</span> <span class='ocrx_word' id='word_1_271' title='bbox 568 3337 613 3386; x_wconf 86' lang='lat' dir='ltr'>M:</span> <span class='ocrx_word' id='word_1_272' title='bbox 631 3338 695 3386; x_wconf 89' lang='lat' dir='ltr'>nihil</span> <span class='ocrx_word' id='word_1_273' title='bbox 708 3339 771 3387; x_wconf 87' lang='lat' dir='ltr'>Deci</span> <span class='ocrx_word' id='word_1_274' title='bbox 783 3339 880 3388; x_wconf 78' lang='lat' dir='ltr'>seclusit</span> <span class='ocrx_word' id='word_1_275' title='bbox 890 3339 1013 3388; x_wconf 79' lang='lat' dir='ltr'>Fn&#39;edn&#39;ch</span> <span class='ocrx_word' id='word_1_276' title='bbox 1075 3340 1132 3400; x_wconf 88' lang='lat' dir='ltr'>ipso</span> 
     </span>
     <span class='ocr_line' id='line_1_32' title="bbox 124 3403 1131 3467; baseline 0 -16"><span class='ocrx_word' id='word_1_277' title='bbox 124 3403 194 3452; x_wconf 88' lang='lat' dir='ltr'>enim</span> <span class='ocrx_word' id='word_1_278' title='bbox 205 3403 259 3451; x_wconf 86' lang='grc' dir='ltr'>ΑΕ</span> <span class='ocrx_word' id='word_1_279' title='bbox 266 3404 334 3467; x_wconf 83' lang='lat' dir='ltr'>vulg.</span> <span class='ocrx_word' id='word_1_280' title='bbox 344 3421 350 3453; x_wconf 74' lang='grc' dir='ltr'><strong>ε</strong></span> <span class='ocrx_word' id='word_1_281' title='bbox 370 3404 427 3466; x_wconf 89' lang='lat' dir='ltr'>ipso</span> <span class='ocrx_word' id='word_1_282' title='bbox 440 3419 501 3453; x_wconf 89' lang='lat' dir='ltr'>vero</span> <span class='ocrx_word' id='word_1_283' title='bbox 512 3404 555 3452; x_wconf 89' lang='lat' dir='ltr'>H:</span> <span class='ocrx_word' id='word_1_284' title='bbox 583 3404 640 3465; x_wconf 88' lang='lat' dir='ltr'>ipso</span> <span class='ocrx_word' id='word_1_285' title='bbox 651 3404 773 3452; x_wconf 79' lang='lat' dir='ltr'>Fn‘edn&#39;ch</span> <span class='ocrx_word' id='word_1_286' title='bbox 904 3421 920 3464; x_wconf 80' lang='lat'>⁴</span> <span class='ocrx_word' id='word_1_287' title='bbox 939 3405 1096 3454; x_wconf 78' lang='lat' dir='ltr'>interfecerit</span> <span class='ocrx_word' id='word_1_288' title='bbox 1108 3403 1131 3451; x_wconf 94' lang='lat' dir='ltr'><em>L</em></span> 
     </span>
     <span class='ocr_line' id='line_1_33' title="bbox 124 3468 1135 3534; baseline 0.002 -19"><span class='ocrx_word' id='word_1_289' title='bbox 124 3471 141 3515; x_wconf 86' lang='lat'><strong>6</strong></span> <span class='ocrx_word' id='word_1_290' title='bbox 158 3469 331 3531; x_wconf 86' lang='lat' dir='ltr'>disputatione</span> <span class='ocrx_word' id='word_1_291' title='bbox 348 3470 371 3518; x_wconf 94' lang='lat' dir='ltr'><em>L</em></span> <span class='ocrx_word' id='word_1_292' title='bbox 390 3471 456 3534; x_wconf 84' lang='lat' dir='ltr'>vulg.</span> <span class='ocrx_word' id='word_1_293' title='bbox 548 3471 564 3518; x_wconf 89' lang='lat'>8</span> <span class='ocrx_word' id='word_1_294' title='bbox 582 3469 610 3518; x_wconf 91' lang='lat' dir='ltr'>P.</span> <span class='ocrx_word' id='word_1_295' title='bbox 625 3484 676 3519; x_wconf 89' lang='lat' dir='ltr'>om.</span> <span class='ocrx_word' id='word_1_296' title='bbox 689 3469 722 3517; x_wconf 93' lang='lat' dir='ltr'>M</span> <span class='ocrx_word' id='word_1_297' title='bbox 785 3477 936 3532; x_wconf 81' lang='lat' dir='ltr'>argumento</span> <span class='ocrx_word' id='word_1_298' title='bbox 949 3471 1082 3518; x_wconf 87' lang='lat' dir='ltr'>criminum</span> <span class='ocrx_word' id='word_1_299' title='bbox 1102 3468 1135 3517; x_wconf 89' lang='lat' dir='ltr'>M</span> 
     </span>
     <span class='ocr_line' id='line_1_34' title="bbox 124 3533 1134 3598; baseline 0.001 -17"><span class='ocrx_word' id='word_1_300' title='bbox 124 3549 142 3595; x_wconf 89' lang='lat'><strong>9</strong></span> <span class='ocrx_word' id='word_1_301' title='bbox 158 3535 190 3582; x_wconf 85' lang='lat' dir='ltr'>ad</span> <span class='ocrx_word' id='word_1_302' title='bbox 207 3550 257 3584; x_wconf 91' lang='lat' dir='ltr'>om.</span> <span class='ocrx_word' id='word_1_303' title='bbox 272 3533 304 3581; x_wconf 94' lang='lat' dir='ltr'>M</span> <span class='ocrx_word' id='word_1_304' title='bbox 436 3551 465 3597; x_wconf 79' lang='lat'>17</span> <span class='ocrx_word' id='word_1_305' title='bbox 482 3536 601 3583; x_wconf 89' lang='lat' dir='ltr'>videntur</span> <span class='ocrx_word' id='word_1_306' title='bbox 617 3535 648 3581; x_wconf 95' lang='lat' dir='ltr'>M</span> <span class='ocrx_word' id='word_1_307' title='bbox 762 3551 820 3583; x_wconf 87' lang='lat' dir='ltr'>cum</span> <span class='ocrx_word' id='word_1_308' title='bbox 836 3536 869 3583; x_wconf 90' lang='lat' dir='ltr'>de</span> <span class='ocrx_word' id='word_1_309' title='bbox 884 3535 950 3598; x_wconf 81' lang='lat' dir='ltr'>vulg.</span> <span class='ocrx_word' id='word_1_310' title='bbox 966 3553 973 3585; x_wconf 78' lang='lat' dir='ltr'><strong><em>z</em></strong></span> <span class='ocrx_word' id='word_1_311' title='bbox 995 3536 1063 3597; x_wconf 92' lang='lat' dir='ltr'>quod</span> <span class='ocrx_word' id='word_1_312' title='bbox 1076 3551 1091 3583; x_wconf 87' lang='lat' dir='ltr'>e</span> <span class='ocrx_word' id='word_1_313' title='bbox 1102 3534 1134 3582; x_wconf 94' lang='lat' dir='ltr'>M</span> 
     </span>
     <span class='ocr_line' id='line_1_35' title="bbox 128 3599 1131 3662; baseline 0.002 -16"><span class='ocrx_word' id='word_1_314' title='bbox 128 3614 159 3660; x_wconf 90' lang='lat'>19</span> <span class='ocrx_word' id='word_1_315' title='bbox 175 3599 355 3648; x_wconf 89' lang='lat' dir='ltr'>defensionum</span> <span class='ocrx_word' id='word_1_316' title='bbox 370 3599 481 3649; x_wconf 61' lang='lat' dir='ltr'>Praene:</span> <span class='ocrx_word' id='word_1_317' title='bbox 499 3600 663 3648; x_wconf 86' lang='lat' dir='ltr'>defensorum</span> <span class='ocrx_word' id='word_1_318' title='bbox 675 3600 720 3649; x_wconf 88' lang='lat' dir='ltr'>A:</span> <span class='ocrx_word' id='word_1_319' title='bbox 739 3615 792 3648; x_wconf 89' lang='lat' dir='ltr'>non</span> <span class='ocrx_word' id='word_1_320' title='bbox 808 3600 832 3649; x_wconf 90' lang='lat' dir='ltr'>d.</span> <span class='ocrx_word' id='word_1_321' title='bbox 852 3607 895 3647; x_wconf 85' lang='lat' dir='ltr'>aut</span> <span class='ocrx_word' id='word_1_322' title='bbox 905 3599 973 3648; x_wconf 83' lang='lat' dir='ltr'>codd.</span> <span class='ocrx_word' id='word_1_323' title='bbox 1100 3615 1131 3662; x_wconf 78' lang='lat'>²5</span> 
     </span>
     <span class='ocr_line' id='line_1_36' title="bbox 125 3662 1131 3730; baseline 0.003 -18"><span class='ocrx_word' id='word_1_324' title='bbox 125 3665 294 3712; x_wconf 80' lang='lat' dir='ltr'>videanturne</span> <span class='ocrx_word' id='word_1_325' title='bbox 305 3664 338 3713; x_wconf 93' lang='lat' dir='ltr'>M</span> <span class='ocrx_word' id='word_1_326' title='bbox 401 3668 435 3713; x_wconf 80' lang='lat'>26</span> <span class='ocrx_word' id='word_1_327' title='bbox 451 3666 473 3714; x_wconf 89' lang='lat' dir='ltr'>si</span> <span class='ocrx_word' id='word_1_328' title='bbox 482 3666 535 3714; x_wconf 71' lang='lat' dir='ltr'>Le:</span> <span class='ocrx_word' id='word_1_329' title='bbox 552 3681 585 3714; x_wconf 89' lang='lat' dir='ltr'>ne</span> <span class='ocrx_word' id='word_1_330' title='bbox 593 3662 626 3712; x_wconf 86' lang='lat' dir='ltr'>M</span> <span class='ocrx_word' id='word_1_331' title='bbox 689 3680 723 3728; x_wconf 74' lang='lat'>29</span> <span class='ocrx_word' id='word_1_332' title='bbox 733 3671 778 3714; x_wconf 89' lang='lat' dir='ltr'>aut</span> <span class='ocrx_word' id='word_1_333' title='bbox 788 3664 929 3726; x_wconf 81' lang='lat' dir='ltr'>indignitas</span> <span class='ocrx_word' id='word_1_334' title='bbox 937 3680 987 3715; x_wconf 84' lang='lat' dir='ltr'>om.</span> <span class='ocrx_word' id='word_1_335' title='bbox 996 3663 1029 3711; x_wconf 92' lang='lat' dir='ltr'>M</span> <span class='ocrx_word' id='word_1_336' title='bbox 1036 3666 1074 3730; x_wconf 89' lang='lat' dir='ltr'>(iii</span> <span class='ocrx_word' id='word_1_337' title='bbox 1086 3665 1131 3715; x_wconf 81' lang='lat' dir='ltr'>litt.</span> 
     </span>
     <span class='ocr_line' id='line_1_37' title="bbox 124 3729 564 3795; baseline 0 -17"><span class='ocrx_word' id='word_1_338' title='bbox 124 3736 160 3792; x_wconf 77' lang='lat' dir='ltr'>sp.</span> <span class='ocrx_word' id='word_1_339' title='bbox 176 3744 227 3780; x_wconf 82' lang='lat' dir='ltr'>vac.</span> <span class='ocrx_word' id='word_1_340' title='bbox 238 3729 284 3778; x_wconf 84' lang='lat' dir='ltr'>H:</span> <span class='ocrx_word' id='word_1_341' title='bbox 301 3731 404 3780; x_wconf 77' lang='lat' dir='ltr'>lamnae</span> <span class='ocrx_word' id='word_1_342' title='bbox 414 3731 518 3795; x_wconf 75' lang='lat' dir='ltr'>sr&#39;gnm</span> <span class='ocrx_word' id='word_1_343' title='bbox 530 3730 564 3792; x_wconf 89' lang='grc' dir='ltr'>Ε)</span> 
     </span>
    </p>
   </div>
   <div class='ocr_carea' id='block_1_4' title="bbox 0 0 1328 4216">
    <p class='ocr_par' dir='ltr' id='par_1_9' title="bbox 0 0 1328 4216">
     <span class='ocr_line' id='line_1_38' title="bbox 0 0 1328 4216; baseline 0 0"><span class='ocrx_word' id='word_1_344' title='bbox 0 0 1328 4216; x_wconf 95' lang='lat' dir='ltr'> </span> 
     </span>
    </p>
   </div>
  </div>
 </body>
</html>
