<?xml version="1.0" encoding="UTF-8"?>
<!DOCTYPE html PUBLIC "-//W3C//DTD XHTML 1.0 Transitional//EN"
    "http://www.w3.org/TR/xhtml1/DTD/xhtml1-transitional.dtd">
<html xmlns="http://www.w3.org/1999/xhtml" xml:lang="en" lang="en">
 <head>
  <title>
</title>
<meta http-equiv="Content-Type" content="text/html;charset=utf-8" />
  <meta name='ocr-system' content='tesseract 3.04.00' />
  <meta name='ocr-capabilities' content='ocr_page ocr_carea ocr_par ocr_line ocrx_word'/>
</head>
<body>
  <div class='ocr_page' id='page_1' title='image "./mtvlliciceronis01wilkgoog/mtvlliciceronis01wilkgoog_0185.png"; bbox 0 0 2648 4216; ppageno 0'>
   <div class='ocr_carea' id='block_1_1' title="bbox 91 249 937 336">
    <p class='ocr_par' dir='ltr' id='par_1_1' title="bbox 91 249 937 336">
     <span class='ocr_line' id='line_1_1' title="bbox 91 249 937 336; baseline -0.013 -14"><span class='ocrx_word' id='word_1_1' title='bbox 91 249 193 336; x_wconf 66' lang='lat' dir='ltr'><strong>tam</strong></span> <span class='ocrx_word' id='word_1_2' title='bbox 485 251 533 322; x_wconf 81' lang='grc' dir='ltr'><strong>Μ.Ι</strong></span> <span class='ocrx_word' id='word_1_3' title='bbox 549 252 681 319; x_wconf 65' lang='lat' dir='ltr'><strong>⁴‘svam</strong></span> <span class='ocrx_word' id='word_1_4' title='bbox 703 251 937 322; x_wconf 76' lang='lat' dir='ltr'><strong>CICERONIS</strong></span> 
     </span>
    </p>
   </div>
   <div class='ocr_carea' id='block_1_2' title="bbox 141 413 1261 3328">
    <p class='ocr_par' dir='ltr' id='par_1_2' title="bbox 141 413 1261 3328">
     <span class='ocr_line' id='line_1_2' title="bbox 201 413 1214 495; baseline 0 -18"><span class='ocrx_word' id='word_1_5' title='bbox 201 436 407 495; x_wconf 80' lang='lat' dir='ltr'><strong>magnamque</strong></span> <span class='ocrx_word' id='word_1_6' title='bbox 422 415 477 478; x_wconf 91' lang='lat' dir='ltr'><strong>tibi</strong></span> <span class='ocrx_word' id='word_1_7' title='bbox 491 418 638 478; x_wconf 90' lang='lat' dir='ltr'><strong>habemus</strong></span> <span class='ocrx_word' id='word_1_8' title='bbox 652 413 777 495; x_wconf 80' lang='lat' dir='ltr'>gratiam</span> <span class='ocrx_word' id='word_1_9' title='bbox 789 438 799 489; x_wconf 87' lang='lat'><strong>,·</strong></span> <span class='ocrx_word' id='word_1_10' title='bbox 818 427 849 480; x_wconf 92' lang='lat' dir='ltr'><strong>et</strong></span> <span class='ocrx_word' id='word_1_11' title='bbox 863 437 933 478; x_wconf 93' lang='lat' dir='ltr'><strong>cum</strong></span> <span class='ocrx_word' id='word_1_12' title='bbox 947 416 1167 477; x_wconf 84' lang='lat' dir='ltr'><strong>humanitatem</strong></span> <span class='ocrx_word' id='word_1_13' title='bbox 1182 425 1214 478; x_wconf 88' lang='lat' dir='ltr'><strong>et</strong></span> 
     </span>
     <span class='ocr_line' id='line_1_3' title="bbox 205 512 1213 591; baseline 0.004 -18"><span class='ocrx_word' id='word_1_14' title='bbox 205 512 376 584; x_wconf 74' lang='lat' dir='ltr'><strong>facilitatem</strong></span> <span class='ocrx_word' id='word_1_15' title='bbox 386 513 577 591; x_wconf 87' lang='lat' dir='ltr'><strong>agnoscimus</strong></span> <span class='ocrx_word' id='word_1_16' title='bbox 590 526 683 588; x_wconf 91' lang='lat' dir='ltr'><strong>tuam,</strong></span> <span class='ocrx_word' id='word_1_17' title='bbox 693 525 758 574; x_wconf 89' lang='lat' dir='ltr'><strong>tum</strong></span> <span class='ocrx_word' id='word_1_18' title='bbox 768 513 951 575; x_wconf 89' lang='lat' dir='ltr'><strong>admiramur</strong></span> <span class='ocrx_word' id='word_1_19' title='bbox 958 512 1046 575; x_wconf 87' lang='lat' dir='ltr'><strong>istam</strong></span> <span class='ocrx_word' id='word_1_20' title='bbox 1055 513 1213 577; x_wconf 85' lang='lat' dir='ltr'><strong>scientiam</strong></span> 
     </span>
     <span class='ocr_line' id='line_1_4' title="bbox 205 611 1214 690; baseline 0.001 -19"><span class='ocrx_word' id='word_1_21' title='bbox 205 621 236 671; x_wconf 88' lang='lat' dir='ltr'><strong>et</strong></span> <span class='ocrx_word' id='word_1_22' title='bbox 249 611 375 690; x_wconf 89' lang='lat' dir='ltr'><strong>copiam.</strong></span> <span class='ocrx_word' id='word_1_23' title='bbox 420 611 571 690; x_wconf 89' lang='lat' dir='ltr'><strong>Equidem</strong></span> <span class='ocrx_word' id='word_1_24' title='bbox 586 611 676 673; x_wconf 91' lang='lat' dir='ltr'><strong>etiam</strong></span> <span class='ocrx_word' id='word_1_25' title='bbox 697 614 757 674; x_wconf 95' lang='lat' dir='ltr'><strong>hoc</strong></span> <span class='ocrx_word' id='word_1_26' title='bbox 774 632 823 673; x_wconf 91' lang='lat' dir='ltr'><strong>me</strong></span> <span class='ocrx_word' id='word_1_27' title='bbox 837 614 1014 673; x_wconf 86' lang='lat' dir='ltr'><strong>adsecutum</strong></span> <span class='ocrx_word' id='word_1_28' title='bbox 1028 623 1112 689; x_wconf 88' lang='lat' dir='ltr'><strong>puto,</strong></span> <span class='ocrx_word' id='word_1_29' title='bbox 1123 613 1214 690; x_wconf 64' lang='lat' dir='ltr'><strong>,quod</strong></span> 
     </span>
     <span class='ocr_line' id='line_1_5' title="bbox 206 709 1213 788; baseline 0.002 -20"><span class='ocrx_word' id='word_1_30' title='bbox 206 727 316 786; x_wconf 88' lang='lat' dir='ltr'><strong>magno</strong></span> <span class='ocrx_word' id='word_1_31' title='bbox 330 729 397 769; x_wconf 91' lang='lat' dir='ltr'><strong>sum</strong></span> <span class='ocrx_word' id='word_1_32' title='bbox 408 711 526 779; x_wconf 89' lang='lat' dir='ltr'><strong>levatus</strong></span> <span class='ocrx_word' id='word_1_33' title='bbox 536 729 635 771; x_wconf 87' lang='lat' dir='ltr'><strong>errore</strong></span> <span class='ocrx_word' id='word_1_34' title='bbox 645 721 675 770; x_wconf 90' lang='lat' dir='ltr'><strong>et</strong></span> <span class='ocrx_word' id='word_1_35' title='bbox 689 709 740 770; x_wconf 92' lang='lat' dir='ltr'><strong>illa</strong></span> <span class='ocrx_word' id='word_1_36' title='bbox 753 709 951 771; x_wconf 87' lang='lat' dir='ltr'><strong>admiratione</strong></span> <span class='ocrx_word' id='word_1_37' title='bbox 964 709 1115 783; x_wconf 88' lang='lat' dir='ltr'><strong>liberatus,</strong></span> <span class='ocrx_word' id='word_1_38' title='bbox 1127 711 1213 788; x_wconf 93' lang='lat' dir='ltr'><strong>quod</strong></span> 
     </span>
     <span class='ocr_line' id='line_1_6' title="bbox 206 804 1243 885; baseline 0.003 -20"><span class='ocrx_word' id='word_1_39' title='bbox 206 804 307 873; x_wconf 86' lang='lat' dir='ltr'><strong>multis</strong></span> <span class='ocrx_word' id='word_1_40' title='bbox 324 825 394 866; x_wconf 92' lang='lat' dir='ltr'><strong>cum</strong></span> <span class='ocrx_word' id='word_1_41' title='bbox 414 806 480 866; x_wconf 89' lang='lat' dir='ltr'><strong>aliis</strong></span> <span class='ocrx_word' id='word_1_42' title='bbox 501 826 620 885; x_wconf 88' lang='lat' dir='ltr'><strong>semper</strong></span> <span class='ocrx_word' id='word_1_43' title='bbox 639 806 779 868; x_wconf 88' lang='lat' dir='ltr'><strong>admirari</strong></span> <span class='ocrx_word' id='word_1_44' title='bbox 799 807 944 880; x_wconf 89' lang='lat' dir='ltr'><strong>solebam,</strong></span> <span class='ocrx_word' id='word_1_45' title='bbox 966 808 1049 869; x_wconf 93' lang='lat' dir='ltr'><strong>unde</strong></span> <span class='ocrx_word' id='word_1_46' title='bbox 1065 818 1145 869; x_wconf 92' lang='lat' dir='ltr'><strong>esset</strong></span> <span class='ocrx_word' id='word_1_47' title='bbox 1161 807 1243 879; x_wconf 70' lang='lat' dir='ltr'><strong>illas</strong></span> 
     </span>
     <span class='ocr_line' id='line_1_7' title="bbox 206 901 1214 983; baseline 0.005 -22"><span class='ocrx_word' id='word_1_48' title='bbox 206 913 289 962; x_wconf 88' lang='lat' dir='ltr'><strong>tanta</strong></span> <span class='ocrx_word' id='word_1_49' title='bbox 303 913 355 962; x_wconf 86' lang='lat' dir='ltr'><strong>tua</strong></span> <span class='ocrx_word' id='word_1_50' title='bbox 368 901 399 962; x_wconf 91' lang='lat' dir='ltr'><strong>in</strong></span> <span class='ocrx_word' id='word_1_51' title='bbox 414 902 511 964; x_wconf 90' lang='lat' dir='ltr'><strong>causis</strong></span> <span class='ocrx_word' id='word_1_52' title='bbox 526 903 685 979; x_wconf 72' lang='lat' dir='ltr'><strong>divinitas}</strong></span> <span class='ocrx_word' id='word_1_53' title='bbox 709 925 766 965; x_wconf 88' lang='lat' dir='ltr'><strong>nec</strong></span> <span class='ocrx_word' id='word_1_54' title='bbox 780 903 862 965; x_wconf 91' lang='lat' dir='ltr'><strong>enim</strong></span> <span class='ocrx_word' id='word_1_55' title='bbox 876 916 907 966; x_wconf 91' lang='lat' dir='ltr'><strong>te</strong></span> <span class='ocrx_word' id='word_1_56' title='bbox 920 903 978 965; x_wconf 91' lang='lat' dir='ltr'><strong>ista</strong></span> <span class='ocrx_word' id='word_1_57' title='bbox 990 902 1123 983; x_wconf 85' lang='lat' dir='ltr'><strong>attigisse</strong></span> <span class='ocrx_word' id='word_1_58' title='bbox 1136 905 1214 966; x_wconf 88' lang='lat' dir='ltr'><strong>arbi-</strong></span> 
     </span>
     <span class='ocr_line' id='line_1_8' title="bbox 205 999 1213 1080; baseline 0.005 -21"><span class='ocrx_word' id='word_1_59' title='bbox 205 1000 312 1072; x_wconf 90' lang='lat' dir='ltr'><strong>trabar,</strong></span> <span class='ocrx_word' id='word_1_60' title='bbox 332 1019 411 1077; x_wconf 90' lang='lat' dir='ltr'><strong>quae</strong></span> <span class='ocrx_word' id='word_1_61' title='bbox 431 999 657 1078; x_wconf 85' lang='lat' dir='ltr'><strong>diligentissime</strong></span> <span class='ocrx_word' id='word_1_62' title='bbox 675 1021 822 1079; x_wconf 88' lang='lat' dir='ltr'><strong>cognosse</strong></span> <span class='ocrx_word' id='word_1_63' title='bbox 843 1012 874 1062; x_wconf 93' lang='lat' dir='ltr'><strong>et</strong></span> <span class='ocrx_word' id='word_1_64' title='bbox 892 1001 1027 1080; x_wconf 91' lang='lat' dir='ltr'><strong>undique</strong></span> <span class='ocrx_word' id='word_1_65' title='bbox 1046 1002 1213 1079; x_wconf 89' lang='lat' dir='ltr'><strong>conlegisse</strong></span> 
     </span>
     <span class='ocr_line' id='line_1_9' title="bbox 206 1097 1212 1177; baseline 0.006 -21"><span class='ocrx_word' id='word_1_66' title='bbox 206 1117 323 1174; x_wconf 90' lang='lat' dir='ltr'><strong>usuque</strong></span> <span class='ocrx_word' id='word_1_67' title='bbox 337 1098 461 1158; x_wconf 91' lang='lat' dir='ltr'><strong>doctum</strong></span> <span class='ocrx_word' id='word_1_68' title='bbox 470 1097 577 1175; x_wconf 89' lang='lat' dir='ltr'><strong>partim</strong></span> <span class='ocrx_word' id='word_1_69' title='bbox 587 1097 749 1159; x_wconf 86' lang='lat' dir='ltr'><strong>correxisse</strong></span> <span class='ocrx_word' id='word_1_70' title='bbox 756 1097 855 1172; x_wconf 87' lang='lat' dir='ltr'><strong>vide0‚</strong></span> <span class='ocrx_word' id='word_1_71' title='bbox 866 1097 973 1176; x_wconf 87' lang='lat' dir='ltr'><strong>partim</strong></span> <span class='ocrx_word' id='word_1_72' title='bbox 984 1100 1199 1177; x_wconf 83' lang='lat' dir='ltr'><strong>comprobasse</strong></span> <span class='ocrx_word' id='word_1_73' title='bbox 1202 1123 1212 1177; x_wconf 90' lang='lat'>;</span> 
     </span>
     <span class='ocr_line' id='line_1_10' title="bbox 143 1194 1212 1276; baseline 0.002 -18"><span class='ocrx_word' id='word_1_74' title='bbox 143 1206 190 1271; x_wconf 72' lang='lat'><strong>3⁶3</strong></span> <span class='ocrx_word' id='word_1_75' title='bbox 204 1214 305 1272; x_wconf 88' lang='lat' dir='ltr'><strong>neque</strong></span> <span class='ocrx_word' id='word_1_76' title='bbox 319 1215 357 1256; x_wconf 89' lang='lat' dir='ltr'><strong>eo</strong></span> <span class='ocrx_word' id='word_1_77' title='bbox 371 1194 471 1255; x_wconf 90' lang='lat' dir='ltr'><strong>minus</strong></span> <span class='ocrx_word' id='word_1_78' title='bbox 484 1195 688 1274; x_wconf 90' lang='lat' dir='ltr'><strong>eloquentiam</strong></span> <span class='ocrx_word' id='word_1_79' title='bbox 709 1207 793 1257; x_wconf 92' lang='lat' dir='ltr'><strong>tuam</strong></span> <span class='ocrx_word' id='word_1_80' title='bbox 807 1207 837 1257; x_wconf 94' lang='lat' dir='ltr'><strong>et</strong></span> <span class='ocrx_word' id='word_1_81' title='bbox 854 1199 950 1257; x_wconf 90' lang='lat' dir='ltr'><strong>multo</strong></span> <span class='ocrx_word' id='word_1_82' title='bbox 964 1196 1058 1276; x_wconf 90' lang='lat' dir='ltr'><strong>magis</strong></span> <span class='ocrx_word' id='word_1_83' title='bbox 1071 1196 1212 1260; x_wconf 90' lang='lat' dir='ltr'><strong>virtutem</strong></span> 
     </span>
     <span class='ocr_line' id='line_1_11' title="bbox 206 1292 1261 1372; baseline 0 -20"><span class='ocrx_word' id='word_1_84' title='bbox 206 1304 236 1362; x_wconf 82' lang='lat' dir='ltr'><strong>et</strong></span> <span class='ocrx_word' id='word_1_85' title='bbox 253 1292 438 1370; x_wconf 86' lang='lat' dir='ltr'><strong>diligentiam</strong></span> <span class='ocrx_word' id='word_1_86' title='bbox 452 1293 584 1363; x_wconf 89' lang='lat' dir='ltr'><strong>admiror</strong></span> <span class='ocrx_word' id='word_1_87' title='bbox 597 1305 628 1355; x_wconf 93' lang='lat' dir='ltr'><strong>et</strong></span> <span class='ocrx_word' id='word_1_88' title='bbox 642 1294 863 1372; x_wconf 89' lang='lat' dir='ltr'><strong>simulgaudeo</strong></span> <span class='ocrx_word' id='word_1_89' title='bbox 878 1293 1023 1355; x_wconf 91' lang='lat' dir='ltr'><strong>iudicium</strong></span> <span class='ocrx_word' id='word_1_90' title='bbox 1036 1293 1130 1354; x_wconf 90' lang='lat' dir='ltr'><strong>animi</strong></span> <span class='ocrx_word' id='word_1_91' title='bbox 1149 1295 1213 1357; x_wconf 90' lang='lat' dir='ltr'><strong>mei</strong></span> <span class='ocrx_word' id='word_1_92' title='bbox 1231 1317 1261 1353; x_wconf 88' lang='grc' dir='ltr'><strong>ιο</strong></span> 
     </span>
     <span class='ocr_line' id='line_1_12' title="bbox 202 1389 1212 1470; baseline 0.009 -20"><span class='ocrx_word' id='word_1_93' title='bbox 202 1389 403 1467; x_wconf 85' lang='lat' dir='ltr'><strong>comprobari,</strong></span> <span class='ocrx_word' id='word_1_94' title='bbox 413 1393 497 1468; x_wconf 92' lang='lat' dir='ltr'><strong>quod</strong></span> <span class='ocrx_word' id='word_1_95' title='bbox 511 1411 630 1470; x_wconf 89' lang='lat' dir='ltr'><strong>semper</strong></span> <span class='ocrx_word' id='word_1_96' title='bbox 643 1391 733 1452; x_wconf 91' lang='lat' dir='ltr'><strong>statui</strong></span> <span class='ocrx_word' id='word_1_97' title='bbox 746 1391 899 1452; x_wconf 90' lang='lat' dir='ltr'><strong>neminem</strong></span> <span class='ocrx_word' id='word_1_98' title='bbox 913 1390 1076 1469; x_wconf 84' lang='lat' dir='ltr'><strong>sapientiae</strong></span> <span class='ocrx_word' id='word_1_99' title='bbox 1089 1393 1212 1458; x_wconf 85' lang='lat' dir='ltr'><strong>laudem</strong></span> 
     </span>
     <span class='ocr_line' id='line_1_13' title="bbox 206 1487 1214 1566; baseline 0.004 -18"><span class='ocrx_word' id='word_1_100' title='bbox 206 1499 236 1548; x_wconf 91' lang='lat' dir='ltr'><strong>et</strong></span> <span class='ocrx_word' id='word_1_101' title='bbox 250 1487 440 1566; x_wconf 85' lang='lat' dir='ltr'><strong>eloquentiae</strong></span> <span class='ocrx_word' id='word_1_102' title='bbox 454 1489 520 1550; x_wconf 90' lang='lat' dir='ltr'><strong>sine</strong></span> <span class='ocrx_word' id='word_1_103' title='bbox 533 1509 654 1551; x_wconf 90' lang='lat' dir='ltr'><strong>summo</strong></span> <span class='ocrx_word' id='word_1_104' title='bbox 672 1489 773 1550; x_wconf 91' lang='lat' dir='ltr'><strong>studio</strong></span> <span class='ocrx_word' id='word_1_105' title='bbox 786 1501 817 1551; x_wconf 93' lang='lat' dir='ltr'><strong>et</strong></span> <span class='ocrx_word' id='word_1_106' title='bbox 830 1490 936 1556; x_wconf 86' lang='lat' dir='ltr'><strong>labore</strong></span> <span class='ocrx_word' id='word_1_107' title='bbox 947 1501 977 1550; x_wconf 94' lang='lat' dir='ltr'><strong>et</strong></span> <span class='ocrx_word' id='word_1_108' title='bbox 991 1489 1128 1550; x_wconf 89' lang='lat' dir='ltr'><strong>doctrina</strong></span> <span class='ocrx_word' id='word_1_109' title='bbox 1142 1511 1214 1552; x_wconf 89' lang='lat' dir='ltr'><strong>con·</strong></span> 
     </span>
     <span class='ocr_line' id='line_1_14' title="bbox 206 1583 1211 1669; baseline 0.003 -24"><span class='ocrx_word' id='word_1_110' title='bbox 206 1585 292 1663; x_wconf 91' lang='lat' dir='ltr'><strong>sequi</strong></span> <span class='ocrx_word' id='word_1_111' title='bbox 306 1605 402 1664; x_wconf 90' lang='lat' dir='ltr'><strong>posse.</strong></span> <span class='ocrx_word' id='word_1_112' title='bbox 437 1588 499 1648; x_wconf 88' lang='lat' dir='ltr'><strong>Sed</strong></span> <span class='ocrx_word' id='word_1_113' title='bbox 513 1598 614 1648; x_wconf 90' lang='lat' dir='ltr'><strong>tamen</strong></span> <span class='ocrx_word' id='word_1_114' title='bbox 630 1587 776 1665; x_wconf 85' lang='lat' dir='ltr'><strong>quidnam</strong></span> <span class='ocrx_word' id='word_1_115' title='bbox 790 1599 836 1648; x_wconf 90' lang='lat' dir='ltr'><strong>est</strong></span> <span class='ocrx_word' id='word_1_116' title='bbox 848 1583 911 1669; x_wconf 85' lang='lat' dir='ltr'><strong>[id]</strong></span> <span class='ocrx_word' id='word_1_117' title='bbox 926 1589 1010 1665; x_wconf 92' lang='lat' dir='ltr'><strong>quod</strong></span> <span class='ocrx_word' id='word_1_118' title='bbox 1025 1587 1125 1648; x_wconf 87' lang='lat' dir='ltr'><strong>dixisti</strong></span> <span class='ocrx_word' id='word_1_119' title='bbox 1138 1590 1211 1663; x_wconf 86' lang='lat' dir='ltr'><strong>iore,</strong></span> 
     </span>
     <span class='ocr_line' id='line_1_15' title="bbox 207 1682 1214 1764; baseline 0.006 -22"><span class='ocrx_word' id='word_1_120' title='bbox 207 1694 240 1743; x_wconf 97' lang='lat' dir='ltr'><strong>ut</strong></span> <span class='ocrx_word' id='word_1_121' title='bbox 254 1682 310 1756; x_wconf 84' lang='lat' dir='ltr'><strong>tibi</strong></span> <span class='ocrx_word' id='word_1_122' title='bbox 326 1683 557 1761; x_wconf 89' lang='lat' dir='ltr'><strong>ignosceremus,</strong></span> <span class='ocrx_word' id='word_1_123' title='bbox 572 1684 598 1745; x_wconf 91' lang='lat' dir='ltr'><strong>si</strong></span> <span class='ocrx_word' id='word_1_124' title='bbox 617 1704 840 1764; x_wconf 76' lang='lat' dir='ltr'><strong>cognoscemus,</strong></span> <span class='ocrx_word' id='word_1_125' title='bbox 855 1705 933 1762; x_wconf 88' lang='lat' dir='ltr'><strong>quae</strong></span> <span class='ocrx_word' id='word_1_126' title='bbox 952 1696 983 1745; x_wconf 91' lang='lat' dir='ltr'><strong>te</strong></span> <span class='ocrx_word' id='word_1_127' title='bbox 1002 1705 1092 1746; x_wconf 90' lang='lat' dir='ltr'><strong>causa</strong></span> <span class='ocrx_word' id='word_1_128' title='bbox 1109 1686 1140 1746; x_wconf 92' lang='lat' dir='ltr'><strong>in</strong></span> <span class='ocrx_word' id='word_1_129' title='bbox 1155 1707 1214 1748; x_wconf 89' lang='lat' dir='ltr'><strong>ser-</strong></span> 
     </span>
     <span class='ocr_line' id='line_1_16' title="bbox 208 1781 1258 1862; baseline 0.005 -22"><span class='ocrx_word' id='word_1_130' title='bbox 208 1801 330 1841; x_wconf 90' lang='lat' dir='ltr'><strong>monem</strong></span> <span class='ocrx_word' id='word_1_131' title='bbox 351 1781 541 1860; x_wconf 86' lang='lat' dir='ltr'><strong>impulisset?</strong></span> <span class='ocrx_word' id='word_1_132' title='bbox 575 1784 663 1859; x_wconf 89' lang='lat' dir='ltr'><strong>Quae</strong></span> <span class='ocrx_word' id='word_1_133' title='bbox 683 1793 729 1843; x_wconf 86' lang='lat' dir='ltr'><strong>est</strong></span> <span class='ocrx_word' id='word_1_134' title='bbox 748 1781 830 1844; x_wconf 93' lang='lat' dir='ltr'><strong>enim</strong></span> <span class='ocrx_word' id='word_1_135' title='bbox 850 1781 909 1843; x_wconf 90' lang='lat' dir='ltr'><strong>alia</strong></span> <span class='ocrx_word' id='word_1_136' title='bbox 930 1802 1029 1856; x_wconf 86' lang='lat' dir='ltr'><strong>causa,</strong></span> <span class='ocrx_word' id='word_1_137' title='bbox 1048 1783 1105 1843; x_wconf 94' lang='lat' dir='ltr'><strong>nisi</strong></span> <span class='ocrx_word' id='word_1_138' title='bbox 1128 1787 1214 1862; x_wconf 92' lang='lat' dir='ltr'><strong>quod</strong></span> <span class='ocrx_word' id='word_1_139' title='bbox 1231 1805 1258 1853; x_wconf 77' lang='lat'><strong>15</strong></span> 
     </span>
     <span class='ocr_line' id='line_1_17' title="bbox 207 1877 1214 1957; baseline 0.005 -20"><span class='ocrx_word' id='word_1_140' title='bbox 207 1877 296 1939; x_wconf 94' lang='lat' dir='ltr'><strong>nobis</strong></span> <span class='ocrx_word' id='word_1_141' title='bbox 318 1889 348 1948; x_wconf 85' lang='lat' dir='ltr'><strong>et</strong></span> <span class='ocrx_word' id='word_1_142' title='bbox 372 1880 480 1939; x_wconf 91' lang='lat' dir='ltr'><strong>horum</strong></span> <span class='ocrx_word' id='word_1_143' title='bbox 501 1879 740 1948; x_wconf 88' lang='lat' dir='ltr'><strong>adulescentium</strong></span> <span class='ocrx_word' id='word_1_144' title='bbox 761 1879 878 1953; x_wconf 88' lang='lat' dir='ltr'><strong>studio‚·</strong></span> <span class='ocrx_word' id='word_1_145' title='bbox 892 1879 945 1957; x_wconf 93' lang='lat' dir='ltr'><strong>qui</strong></span> <span class='ocrx_word' id='word_1_146' title='bbox 965 1891 996 1940; x_wconf 88' lang='lat' dir='ltr'><strong>te</strong></span> <span class='ocrx_word' id='word_1_147' title='bbox 1016 1880 1214 1949; x_wconf 84' lang='lat' dir='ltr'><strong>attentissime</strong></span> 
     </span>
     <span class='ocr_line' id='line_1_18' title="bbox 145 1975 1214 2054; baseline 0.005 -19"><span class='ocrx_word' id='word_1_148' title='bbox 145 1987 195 2050; x_wconf 79' lang='lat'><strong>3⁶4</strong></span> <span class='ocrx_word' id='word_1_149' title='bbox 207 1975 374 2048; x_wconf 88' lang='lat' dir='ltr'><strong>audierunt,</strong></span> <span class='ocrx_word' id='word_1_150' title='bbox 394 1992 516 2036; x_wconf 64' lang='lat' dir='ltr'><strong>&#39;morem</strong></span> <span class='ocrx_word' id='word_1_151' title='bbox 535 1996 637 2054; x_wconf 88' lang='lat' dir='ltr'><strong>gerere</strong></span> <span class='ocrx_word' id='word_1_152' title='bbox 659 1976 819 2045; x_wconf 76' lang='lat' dir='ltr'><strong>voluistil&#39;</strong></span> <span class='ocrx_word' id='word_1_153' title='bbox 862 1979 943 2038; x_wconf 89' lang='lat' dir='ltr'><strong>Tum</strong></span> <span class='ocrx_word' id='word_1_154' title='bbox 968 1977 1214 2045; x_wconf 66' lang='lat' dir='ltr'><strong>ille·„‘adimere&#39;</strong></span> 
     </span>
     <span class='ocr_line' id='line_1_19' title="bbox 208 2072 1213 2156; baseline 0.007 -25"><span class='ocrx_word' id='word_1_155' title='bbox 208 2072 305 2150; x_wconf 84' lang='lat' dir='ltr'><strong>inquit</strong></span> <span class='ocrx_word' id='word_1_156' title='bbox 321 2077 462 2132; x_wconf 91' lang='lat' dir='ltr'><strong>‘omnem</strong></span> <span class='ocrx_word' id='word_1_157' title='bbox 476 2073 694 2144; x_wconf 87' lang='lat' dir='ltr'><strong>recusationem</strong></span> <span class='ocrx_word' id='word_1_158' title='bbox 711 2075 821 2136; x_wconf 81' lang='lat' dir='ltr'><strong>Crasso</strong></span> <span class='ocrx_word' id='word_1_159' title='bbox 834 2074 923 2147; x_wconf 88' lang='lat' dir='ltr'><strong>volui,</strong></span> <span class='ocrx_word' id='word_1_160' title='bbox 940 2095 1038 2156; x_wconf 89' lang='lat' dir='ltr'><strong>quem</strong></span> <span class='ocrx_word' id='word_1_161' title='bbox 1050 2096 1106 2155; x_wconf 91' lang='lat' dir='ltr'><strong>ego</strong></span> <span class='ocrx_word' id='word_1_162' title='bbox 1120 2079 1213 2154; x_wconf 88' lang='lat' dir='ltr'><strong>paulo</strong></span> 
     </span>
     <span class='ocr_line' id='line_1_20' title="bbox 207 2170 1214 2249; baseline 0.005 -19"><span class='ocrx_word' id='word_1_163' title='bbox 207 2183 277 2239; x_wconf 84' lang='lat' dir='ltr'><strong>ante</strong></span> <span class='ocrx_word' id='word_1_164' title='bbox 291 2170 423 2231; x_wconf 89' lang='lat' dir='ltr'><strong>sciebam</strong></span> <span class='ocrx_word' id='word_1_165' title='bbox 437 2172 485 2230; x_wconf 88' lang='lat' dir='ltr'><strong>vel</strong></span> <span class='ocrx_word' id='word_1_166' title='bbox 498 2171 660 2249; x_wconf 91' lang='lat' dir='ltr'><strong>pudentius</strong></span> <span class='ocrx_word' id='word_1_167' title='bbox 674 2171 863 2246; x_wconf 82' lang='lat' dir='ltr'><strong>velinvitius,</strong></span> <span class='ocrx_word' id='word_1_168' title='bbox 876 2175 950 2234; x_wconf 91' lang='lat' dir='ltr'><strong>nolo</strong></span> <span class='ocrx_word' id='word_1_169' title='bbox 962 2173 1044 2234; x_wconf 92' lang='lat' dir='ltr'><strong>enim</strong></span> <span class='ocrx_word' id='word_1_170' title='bbox 1057 2173 1159 2235; x_wconf 89' lang='lat' dir='ltr'><strong>dicere</strong></span> <span class='ocrx_word' id='word_1_171' title='bbox 1172 2177 1214 2235; x_wconf 89' lang='lat' dir='ltr'><strong>de</strong></span> 
     </span>
     <span class='ocr_line' id='line_1_21' title="bbox 208 2266 1259 2354; baseline 0.005 -25"><span class='ocrx_word' id='word_1_172' title='bbox 208 2279 270 2334; x_wconf 89' lang='lat' dir='ltr'><strong>tarn</strong></span> <span class='ocrx_word' id='word_1_173' title='bbox 298 2266 382 2328; x_wconf 90' lang='lat' dir='ltr'><strong>suavi</strong></span> <span class='ocrx_word' id='word_1_174' title='bbox 412 2268 535 2354; x_wconf 90' lang='lat' dir='ltr'><strong>homine</strong></span> <span class='ocrx_word' id='word_1_175' title='bbox 562 2269 752 2342; x_wconf 81' lang='lat' dir='ltr'><strong>fastidiosius,</strong></span> <span class='ocrx_word' id='word_1_176' title='bbox 771 2271 823 2337; x_wconf 80' lang='lat' dir='ltr'><strong>‚ad</strong></span> <span class='ocrx_word' id='word_1_177' title='bbox 854 2270 914 2330; x_wconf 93' lang='lat' dir='ltr'><strong>hoc</strong></span> <span class='ocrx_word' id='word_1_178' title='bbox 941 2289 1036 2348; x_wconf 91' lang='lat' dir='ltr'><strong>genus</strong></span> <span class='ocrx_word' id='word_1_179' title='bbox 1065 2271 1212 2334; x_wconf 91' lang='lat' dir='ltr'><strong>sermonis</strong></span> <span class='ocrx_word' id='word_1_180' title='bbox 1229 2290 1259 2326; x_wconf 87' lang='lat'><strong>20</strong></span> 
     </span>
     <span class='ocr_line' id='line_1_22' title="bbox 207 2364 1212 2452; baseline 0.006 -27"><span class='ocrx_word' id='word_1_181' title='bbox 207 2366 359 2433; x_wconf 83' lang='lat' dir='ltr'><strong>accedere.</strong></span> <span class='ocrx_word' id='word_1_182' title='bbox 403 2364 487 2440; x_wconf 86' lang='lat' dir='ltr'><strong>Quid</strong></span> <span class='ocrx_word' id='word_1_183' title='bbox 501 2365 582 2426; x_wconf 93' lang='lat' dir='ltr'><strong>enim</strong></span> <span class='ocrx_word' id='word_1_184' title='bbox 592 2365 702 2444; x_wconf 89' lang='lat' dir='ltr'><strong>poterit</strong></span> <span class='ocrx_word' id='word_1_185' title='bbox 715 2366 838 2428; x_wconf 88' lang='lat' dir='ltr'><strong>dicere?</strong></span> <span class='ocrx_word' id='word_1_186' title='bbox 860 2368 1063 2428; x_wconf 41' lang='lat' dir='ltr'><strong>&gt;Consularem</strong></span> <span class='ocrx_word' id='word_1_187' title='bbox 1077 2387 1110 2428; x_wconf 93' lang='lat' dir='ltr'><strong>se</strong></span> <span class='ocrx_word' id='word_1_188' title='bbox 1120 2365 1212 2452; x_wconf 88' lang='lat' dir='ltr'><strong>[esse]</strong></span> 
     </span>
     <span class='ocr_line' id='line_1_23' title="bbox 200 2463 1212 2537; baseline 0.008 -13"><span class='ocrx_word' id='word_1_189' title='bbox 200 2463 364 2537; x_wconf 83' lang='lat' dir='ltr'><strong>hominem</strong></span> <span class='ocrx_word' id='word_1_190' title='bbox 387 2473 418 2532; x_wconf 84' lang='lat' dir='ltr'><strong>et</strong></span> <span class='ocrx_word' id='word_1_191' title='bbox 443 2463 655 2536; x_wconf 60' lang='lat' dir='ltr'><strong>censorium?</strong></span> <span class='ocrx_word' id='word_1_192' title='bbox 672 2466 795 2537; x_wconf 54' lang='lat' dir='ltr'><strong>‚Eadem</strong></span> <span class='ocrx_word' id='word_1_193' title='bbox 818 2476 920 2526; x_wconf 87' lang='lat' dir='ltr'><strong>nostra</strong></span> <span class='ocrx_word' id='word_1_194' title='bbox 947 2486 1038 2527; x_wconf 91' lang='lat' dir='ltr'><strong>causa</strong></span> <span class='ocrx_word' id='word_1_195' title='bbox 1065 2477 1117 2528; x_wconf 84' lang='lat' dir='ltr'><strong>est</strong></span> <span class='ocrx_word' id='word_1_196' title='bbox 1161 2471 1212 2532; x_wconf 90' lang='lat' dir='ltr'><strong>An</strong></span> 
     </span>
     <span class='ocr_line' id='line_1_24' title="bbox 207 2561 1211 2637; baseline 0.006 -16"><span class='ocrx_word' id='word_1_197' title='bbox 207 2572 338 2622; x_wconf 90' lang='lat' dir='ltr'><strong>aetatem</strong></span> <span class='ocrx_word' id='word_1_198' title='bbox 364 2562 502 2622; x_wconf 85' lang='lat' dir='ltr'><strong>adseret?</strong></span> <span class='ocrx_word' id='word_1_199' title='bbox 536 2561 744 2637; x_wconf 87' lang='lat' dir='ltr'><strong>Quadriennio</strong></span> <span class='ocrx_word' id='word_1_200' title='bbox 774 2562 872 2623; x_wconf 92' lang='lat' dir='ltr'><strong>minor</strong></span> <span class='ocrx_word' id='word_1_201' title='bbox 899 2573 952 2624; x_wconf 89' lang='lat' dir='ltr'><strong>est.</strong></span> <span class='ocrx_word' id='word_1_202' title='bbox 996 2567 1046 2624; x_wconf 91' lang='lat' dir='ltr'><strong>An</strong></span> <span class='ocrx_word' id='word_1_203' title='bbox 1074 2585 1107 2626; x_wconf 89' lang='lat' dir='ltr'><strong>se</strong></span> <span class='ocrx_word' id='word_1_204' title='bbox 1134 2566 1211 2627; x_wconf 89' lang='lat' dir='ltr'><strong>haec</strong></span> 
     </span>
     <span class='ocr_line' id='line_1_25' title="bbox 141 2662 1213 2742; baseline 0.005 -23"><span class='ocrx_word' id='word_1_205' title='bbox 141 2692 147 2719; x_wconf 64' lang='grc' dir='ltr'><strong>ς</strong></span> <span class='ocrx_word' id='word_1_206' title='bbox 204 2662 345 2724; x_wconf 89' lang='lat' dir='ltr'><strong>nescire?</strong></span> <span class='ocrx_word' id='word_1_207' title='bbox 379 2665 467 2739; x_wconf 85' lang='lat' dir='ltr'><strong>Quae</strong></span> <span class='ocrx_word' id='word_1_208' title='bbox 486 2682 543 2741; x_wconf 90' lang='lat' dir='ltr'><strong>ego</strong></span> <span class='ocrx_word' id='word_1_209' title='bbox 563 2683 638 2736; x_wconf 90' lang='lat' dir='ltr'><strong>sero,</strong></span> <span class='ocrx_word' id='word_1_210' title='bbox 654 2663 862 2741; x_wconf 37' lang='lat' dir='ltr'><strong>quaevcursim</strong></span> <span class='ocrx_word' id='word_1_211' title='bbox 879 2663 997 2741; x_wconf 87' lang='lat' dir='ltr'><strong>arripui,</strong></span> <span class='ocrx_word' id='word_1_212' title='bbox 1018 2684 1097 2742; x_wconf 91' lang='lat' dir='ltr'><strong>quae</strong></span> <span class='ocrx_word' id='word_1_213' title='bbox 1117 2664 1213 2735; x_wconf 85' lang='lat' dir='ltr'><strong>subsi-</strong></span> 
     </span>
     <span class='ocr_line' id='line_1_26' title="bbox 207 2760 1256 2840; baseline -0.003 -18"><span class='ocrx_word' id='word_1_214' title='bbox 207 2761 279 2826; x_wconf 88' lang='lat' dir='ltr'><strong>civis</strong></span> <span class='ocrx_word' id='word_1_215' title='bbox 300 2760 407 2838; x_wconf 90' lang='lat' dir='ltr'><strong>operis‚</strong></span> <span class='ocrx_word' id='word_1_216' title='bbox 422 2772 456 2821; x_wconf 91' lang='lat' dir='ltr'><strong>ut</strong></span> <span class='ocrx_word' id='word_1_217' title='bbox 474 2760 567 2834; x_wconf 91' lang='lat' dir='ltr'><strong>aiunt,</strong></span> <span class='ocrx_word' id='word_1_218' title='bbox 582 2761 670 2823; x_wconf 91' lang='lat' dir='ltr'><strong>istea</strong></span> <span class='ocrx_word' id='word_1_219' title='bbox 691 2782 793 2840; x_wconf 91' lang='lat' dir='ltr'><strong>puero,</strong></span> <span class='ocrx_word' id='word_1_220' title='bbox 816 2782 936 2824; x_wconf 91' lang='lat' dir='ltr'><strong>summo</strong></span> <span class='ocrx_word' id='word_1_221' title='bbox 954 2762 1062 2837; x_wconf 89' lang='lat' dir='ltr'><strong>studio,</strong></span> <span class='ocrx_word' id='word_1_222' title='bbox 1083 2762 1211 2824; x_wconf 54' lang='lat' dir='ltr'><strong>&gt;summis</strong></span> <span class='ocrx_word' id='word_1_223' title='bbox 1227 2782 1256 2834; x_wconf 82' lang='lat'><strong>²5</strong></span> 
     </span>
     <span class='ocr_line' id='line_1_27' title="bbox 207 2858 1212 2938; baseline 0.002 -18"><span class='ocrx_word' id='word_1_224' title='bbox 207 2859 390 2920; x_wconf 90' lang='lat' dir='ltr'><strong>doctoribus.</strong></span> <span class='ocrx_word' id='word_1_225' title='bbox 433 2858 639 2920; x_wconf 90' lang='lat' dir='ltr'><strong>Nihildicam</strong></span> <span class='ocrx_word' id='word_1_226' title='bbox 664 2860 703 2920; x_wconf 95' lang='lat' dir='ltr'><strong>de</strong></span> <span class='ocrx_word' id='word_1_227' title='bbox 727 2858 856 2938; x_wconf 83' lang='lat' dir='ltr'><strong>ingenio,</strong></span> <span class='ocrx_word' id='word_1_228' title='bbox 879 2859 928 2921; x_wconf 91' lang='lat' dir='ltr'><strong>cui</strong></span> <span class='ocrx_word' id='word_1_229' title='bbox 953 2880 1005 2937; x_wconf 88' lang='lat' dir='ltr'><strong>par</strong></span> <span class='ocrx_word' id='word_1_230' title='bbox 1026 2880 1117 2921; x_wconf 92' lang='lat' dir='ltr'><strong>nemo</strong></span> <span class='ocrx_word' id='word_1_231' title='bbox 1138 2860 1212 2922; x_wconf 84' lang='lat' dir='ltr'><strong>suit:</strong></span> 
     </span>
     <span class='ocr_line' id='line_1_28' title="bbox 208 2955 1213 3035; baseline 0.003 -19"><span class='ocrx_word' id='word_1_232' title='bbox 208 2955 319 3022; x_wconf 86' lang='lat' dir='ltr'><strong>etenim</strong></span> <span class='ocrx_word' id='word_1_233' title='bbox 344 2977 393 3017; x_wconf 91' lang='lat' dir='ltr'><strong>me</strong></span> <span class='ocrx_word' id='word_1_234' title='bbox 414 2955 568 3025; x_wconf 89' lang='lat' dir='ltr'><strong>dicentem</strong></span> <span class='ocrx_word' id='word_1_235' title='bbox 586 2955 638 3034; x_wconf 93' lang='lat' dir='ltr'><strong>qui</strong></span> <span class='ocrx_word' id='word_1_236' title='bbox 658 2957 783 3030; x_wconf 86' lang='lat' dir='ltr'><strong>audiret,</strong></span> <span class='ocrx_word' id='word_1_237' title='bbox 806 2977 897 3017; x_wconf 90' lang='lat' dir='ltr'><strong>nemo</strong></span> <span class='ocrx_word' id='word_1_238' title='bbox 918 2977 1061 3035; x_wconf 92' lang='lat' dir='ltr'><strong>umquam</strong></span> <span class='ocrx_word' id='word_1_239' title='bbox 1083 2967 1144 3017; x_wconf 92' lang='lat' dir='ltr'><strong>tam</strong></span> <span class='ocrx_word' id='word_1_240' title='bbox 1165 2956 1213 3019; x_wconf 91' lang='lat' dir='ltr'><strong>sui</strong></span> 
     </span>
     <span class='ocr_line' id='line_1_29' title="bbox 201 3054 1213 3133; baseline 0.004 -19"><span class='ocrx_word' id='word_1_241' title='bbox 201 3054 377 3132; x_wconf 89' lang='lat' dir='ltr'><strong>despiciens</strong></span> <span class='ocrx_word' id='word_1_242' title='bbox 391 3055 447 3116; x_wconf 88' lang='lat' dir='ltr'><strong>luit</strong></span> <span class='ocrx_word' id='word_1_243' title='bbox 461 3055 535 3132; x_wconf 91' lang='lat' dir='ltr'><strong>quin</strong></span> <span class='ocrx_word' id='word_1_244' title='bbox 548 3067 679 3133; x_wconf 86' lang='lat' dir='ltr'><strong>speraret</strong></span> <span class='ocrx_word' id='word_1_245' title='bbox 692 3066 745 3118; x_wconf 92' lang='lat' dir='ltr'><strong>aut</strong></span> <span class='ocrx_word' id='word_1_246' title='bbox 758 3055 866 3118; x_wconf 88' lang='lat' dir='ltr'><strong>melius</strong></span> <span class='ocrx_word' id='word_1_247' title='bbox 882 3067 933 3117; x_wconf 89' lang='lat' dir='ltr'><strong>aut</strong></span> <span class='ocrx_word' id='word_1_248' title='bbox 947 3058 1056 3118; x_wconf 94' lang='lat' dir='ltr'><strong>eodem</strong></span> <span class='ocrx_word' id='word_1_249' title='bbox 1071 3058 1165 3118; x_wconf 90' lang='lat' dir='ltr'><strong>modo</strong></span> <span class='ocrx_word' id='word_1_250' title='bbox 1179 3077 1213 3118; x_wconf 90' lang='lat' dir='ltr'><strong>se</strong></span> 
     </span>
     <span class='ocr_line' id='line_1_30' title="bbox 172 3153 1211 3233; baseline 0.002 -20"><span class='ocrx_word' id='word_1_251' title='bbox 172 3212 178 3219; x_wconf 65' lang='lat'><em>„</em></span> <span class='ocrx_word' id='word_1_252' title='bbox 209 3173 299 3233; x_wconf 91' lang='lat' dir='ltr'><strong>posse</strong></span> <span class='ocrx_word' id='word_1_253' title='bbox 325 3153 427 3214; x_wconf 91' lang='lat' dir='ltr'><strong>dicere</strong></span> <span class='ocrx_word' id='word_1_254' title='bbox 439 3175 448 3228; x_wconf 77' lang='lat'><em>3</em></span> <span class='ocrx_word' id='word_1_255' title='bbox 483 3155 592 3216; x_wconf 87' lang='lat' dir='ltr'><strong>Crasso</strong></span> <span class='ocrx_word' id='word_1_256' title='bbox 620 3153 741 3216; x_wconf 91' lang='lat' dir='ltr'><strong>dicente</strong></span> <span class='ocrx_word' id='word_1_257' title='bbox 771 3174 865 3222; x_wconf 88' lang='lat' dir='ltr'><strong>nemo</strong></span> <span class='ocrx_word' id='word_1_258' title='bbox 891 3165 953 3214; x_wconf 90' lang='lat' dir='ltr'><strong>tam</strong></span> <span class='ocrx_word' id='word_1_259' title='bbox 980 3174 1129 3232; x_wconf 89' lang='lat' dir='ltr'><strong>arrogans,</strong></span> <span class='ocrx_word' id='word_1_260' title='bbox 1158 3154 1211 3233; x_wconf 92' lang='lat' dir='ltr'><strong>qui</strong></span> 
     </span>
     <span class='ocr_line' id='line_1_31' title="bbox 210 3249 1259 3328; baseline 0.004 -18"><span class='ocrx_word' id='word_1_261' title='bbox 210 3249 343 3310; x_wconf 89' lang='lat' dir='ltr'><strong>similiter</strong></span> <span class='ocrx_word' id='word_1_262' title='bbox 363 3269 558 3328; x_wconf 83' lang='lat' dir='ltr'><strong>seumquam</strong></span> <span class='ocrx_word' id='word_1_263' title='bbox 579 3250 729 3328; x_wconf 86' lang='lat' dir='ltr'><strong>dicturum</strong></span> <span class='ocrx_word' id='word_1_264' title='bbox 750 3271 817 3311; x_wconf 89' lang='lat' dir='ltr'><strong>esse</strong></span> <span class='ocrx_word' id='word_1_265' title='bbox 833 3252 1006 3316; x_wconf 86' lang='lat' dir='ltr'><strong>confideret.</strong></span> <span class='ocrx_word' id='word_1_266' title='bbox 1049 3253 1151 3327; x_wconf 92' lang='lat' dir='ltr'><strong>Quam</strong></span> <span class='ocrx_word' id='word_1_267' title='bbox 1169 3254 1211 3314; x_wconf 93' lang='lat' dir='ltr'><strong>ob</strong></span> <span class='ocrx_word' id='word_1_268' title='bbox 1225 3269 1259 3321; x_wconf 78' lang='lat'><strong>30</strong></span> 
     </span>
    </p>
   </div>
   <div class='ocr_carea' id='block_1_3' title="bbox 203 3402 1213 3655">
    <p class='ocr_par' dir='ltr' id='par_1_3' title="bbox 203 3402 1213 3655">
     <span class='ocr_line' id='line_1_32' title="bbox 244 3402 1213 3469; baseline 0.004 -17"><span class='ocrx_word' id='word_1_269' title='bbox 244 3405 276 3453; x_wconf 87' lang='lat' dir='ltr'><em>M</em></span> <span class='ocrx_word' id='word_1_270' title='bbox 286 3430 306 3446; x_wconf 93' lang='lat'><em>=</em></span> <span class='ocrx_word' id='word_1_271' title='bbox 320 3402 403 3452; x_wconf 85' lang='lat' dir='ltr'><strong>AEH</strong></span> <span class='ocrx_word' id='word_1_272' title='bbox 502 3421 531 3466; x_wconf 86' lang='lat'><strong>13</strong></span> <span class='ocrx_word' id='word_1_273' title='bbox 548 3407 573 3454; x_wconf 93' lang='lat' dir='ltr'><strong>id</strong></span> <span class='ocrx_word' id='word_1_274' title='bbox 594 3423 644 3456; x_wconf 90' lang='lat' dir='ltr'><strong>om.</strong></span> <span class='ocrx_word' id='word_1_275' title='bbox 666 3405 723 3455; x_wconf 82' lang='lat' dir='ltr'><strong>MP</strong></span> <span class='ocrx_word' id='word_1_276' title='bbox 821 3409 852 3456; x_wconf 87' lang='lat'><strong>18</strong></span> <span class='ocrx_word' id='word_1_277' title='bbox 868 3406 945 3469; x_wconf 86' lang='lat' dir='ltr'><strong>paulo</strong></span> <span class='ocrx_word' id='word_1_278' title='bbox 956 3414 1017 3455; x_wconf 82' lang='lat' dir='ltr'><strong>ante</strong></span> <span class='ocrx_word' id='word_1_279' title='bbox 1036 3407 1147 3455; x_wconf 90' lang='lat' dir='ltr'><strong>sciebam</strong></span> <span class='ocrx_word' id='word_1_280' title='bbox 1165 3406 1213 3456; x_wconf 87' lang='lat' dir='ltr'><strong>M:</strong></span> 
     </span>
     <span class='ocr_line' id='line_1_33' title="bbox 203 3470 1213 3535; baseline -0.001 -14"><span class='ocrx_word' id='word_1_281' title='bbox 203 3479 272 3521; x_wconf 78' lang='lat' dir='ltr'><strong>ante</strong></span> <span class='ocrx_word' id='word_1_282' title='bbox 288 3488 338 3519; x_wconf 85' lang='lat' dir='ltr'><strong>om.</strong></span> <span class='ocrx_word' id='word_1_283' title='bbox 357 3470 395 3520; x_wconf 89' lang='lat' dir='ltr'><strong>L:</strong></span> <span class='ocrx_word' id='word_1_284' title='bbox 420 3473 647 3531; x_wconf 67' lang='lat' dir='ltr'><strong>percutiebam</strong></span> <span class='ocrx_word' id='word_1_285' title='bbox 665 3473 759 3520; x_wconf 77' lang='lat' dir='ltr'><strong>maluit</strong></span> <span class='ocrx_word' id='word_1_286' title='bbox 771 3471 871 3535; x_wconf 82' lang='lat' dir='ltr'><strong>Kayser</strong></span> <span class='ocrx_word' id='word_1_287' title='bbox 967 3487 998 3520; x_wconf 83' lang='lat' dir='ltr'><strong>ar</strong></span> <span class='ocrx_word' id='word_1_288' title='bbox 1016 3487 1074 3520; x_wconf 87' lang='lat' dir='ltr'><strong>esse</strong></span> <span class='ocrx_word' id='word_1_289' title='bbox 1091 3487 1143 3521; x_wconf 90' lang='lat' dir='ltr'><strong>om.</strong></span> <span class='ocrx_word' id='word_1_290' title='bbox 1158 3471 1213 3520; x_wconf 89' lang='lat' dir='ltr'><strong>ML</strong></span> 
     </span>
     <span class='ocr_line' id='line_1_34' title="bbox 210 3535 1212 3599; baseline 0.003 -14"><span class='ocrx_word' id='word_1_291' title='bbox 210 3553 243 3598; x_wconf 78' lang='lat'><strong>23</strong></span> <span class='ocrx_word' id='word_1_292' title='bbox 260 3536 383 3584; x_wconf 86' lang='lat' dir='ltr'><strong>Triennio</strong></span> <span class='ocrx_word' id='word_1_293' title='bbox 395 3535 531 3584; x_wconf 81' lang='lat' dir='ltr'><strong>Manutius</strong></span> <span class='ocrx_word' id='word_1_294' title='bbox 622 3554 655 3597; x_wconf 78' lang='lat'><strong>24</strong></span> <span class='ocrx_word' id='word_1_295' title='bbox 672 3537 791 3586; x_wconf 69' lang='lat' dir='ltr'><strong>subsicivi</strong></span> <span class='ocrx_word' id='word_1_296' title='bbox 807 3536 839 3584; x_wconf 98' lang='lat' dir='ltr'><em>M</em></span> <span class='ocrx_word' id='word_1_297' title='bbox 930 3553 962 3599; x_wconf 78' lang='lat'><strong>27</strong></span> <span class='ocrx_word' id='word_1_298' title='bbox 980 3553 1021 3585; x_wconf 87' lang='lat' dir='ltr'><strong>me</strong></span> <span class='ocrx_word' id='word_1_299' title='bbox 1034 3538 1160 3586; x_wconf 87' lang='lat' dir='ltr'><strong>dicentem</strong></span> <span class='ocrx_word' id='word_1_300' title='bbox 1173 3535 1212 3588; x_wconf 84' lang='lat' dir='ltr'><strong>L:</strong></span> 
     </span>
     <span class='ocr_line' id='line_1_35' title="bbox 211 3600 921 3655; baseline 0 -5"><span class='ocrx_word' id='word_1_301' title='bbox 211 3602 245 3650; x_wconf 87' lang='lat' dir='ltr'><strong>de</strong></span> <span class='ocrx_word' id='word_1_302' title='bbox 257 3603 386 3655; x_wconf 80' lang='lat' dir='ltr'><strong>dicentem</strong></span> <span class='ocrx_word' id='word_1_303' title='bbox 398 3600 444 3653; x_wconf 86' lang='lat' dir='ltr'><strong>M:</strong></span> <span class='ocrx_word' id='word_1_304' title='bbox 462 3603 566 3654; x_wconf 77' lang='lat' dir='ltr'><strong>tedm</strong></span> <span class='ocrx_word' id='word_1_305' title='bbox 664 3601 878 3654; x_wconf 79' lang='lat' dir='ltr'><strong>tamsuiomM</strong></span> <span class='ocrx_word' id='word_1_306' title='bbox 917 3632 921 3654; x_wconf 59' lang='lat'><em>2</em></span> 
     </span>
    </p>
   </div>
   <div class='ocr_carea' id='block_1_4' title="bbox 0 0 1337 4216">
    <p class='ocr_par' dir='ltr' id='par_1_4' title="bbox 0 0 1337 4216">
     <span class='ocr_line' id='line_1_36' title="bbox 0 0 1337 4216; baseline 0 0"><span class='ocrx_word' id='word_1_307' title='bbox 0 0 1337 4216; x_wconf 95' lang='lat' dir='ltr'><strong> </strong></span> 
     </span>
    </p>
   </div>
  </div>
 </body>
</html>
