2648 4216
436 279 495 339 oa
516 264 723 340 orin‘roaa
765 279 817 340 111
1142 289 1209 354 727

126 444 297 526 Euripides,
310 464 496 525 quamquam
514 445 656 506 omnibus
670 465 724 523 par
742 465 840 526 paene
857 448 925 508 'laus
943 446 974 508 in
994 445 1131 509 dissimili

124 542 276 604 scribendi
303 563 411 621 genere
439 541 596 604 tribuitur!
638 542 775 623 Aspicite
803 564 885 606 nunc
912 564 965 606 eos
993 545 1131 607 homines
1147 557 1177 620 ηε

124 650 216 717 atque
236 639 402 714 intuemini,
419 659 548 718 quorum
569 641 608 701 de
628 641 770 702 facultate
790 640 961 719 quaerimus
983 638 1069 723 [quid
1090 641 1132 702 in·

125 737 209 798 tersit
238 737 316 798 inter
346 749 496 800 oratorum
524 739 624 801 studia
650 751 742 817 atque
769 736 921 822 naturas]:
956 741 1132 802 suavitatem

97 834 281 908 slsocrates‚
297 835 491 897 subtilitatem
514 836 627 914 Lysias,
647 855 777 898 acumen
799 837 979 915 Hyperides,
1000 836 1131 899 sonitum

125 932 300 1007 Aeschines,
330 932 391 993 vim
420 934 642 994 Demosthenes
669 933 783 995 habuit
836 933 913 1011 Quis
937 955 1041 996 eorum
1069 954 1132 995 non

126 1029 282 1109 egregius?
303 1043 404 1091 tamen
426 1033 492 1108 quis
514 1030 692 1110 cuiusquam
716 1031 774 1092 nisi
793 1031 839 1093 sui
862 1030 990 1093 similis?
1032 1031 1132 1094 Gravi·

125 1137 219 1188 tatem
235 1128 405 1203 Africanus,
418 1127 571 1189 lenitatem
589 1128 718 1202 Laelius,
737 1129 926 1207 asperitatem
947 1130 1054 1204 Galba,
1067 1149 1133 1208 pro

125 1226 222 1285 fluens
247 1224 392 1303 quiddam
416 1225 523 1286 habuit
544 1225 645 1288 Carbo
668 1236 698 1287 et
720 1246 872 1287 canorum.
925 1226 1001 1303 Quis
1024 1228 1131 1288 horum

82 1339 113 1374 ro
125 1342 189 1383 non
210 1321 347 1401 princeps
368 1321 554 1402 temporibus
576 1322 633 1383 illis
656 1322 734 1384 fuit?
758 1333 788 1384 et
807 1343 862 1384 suo
879 1335 980 1385 tamen
1003 1324 1131 1403 quisque

125 1418 158 1479 in
176 1438 284 1496 genere
304 1419 451 1497 princeps.
494 1419 555 1480 Sed
575 1418 649 1497 quid
666 1439 722 1498 ego
742 1431 843 1480 vetera
861 1421 1047 1499 conquiram,
1061 1441 1130 1481 cum

127 1514 201 1576 mihi
224 1515 312 1575 liceat
333 1514 376 1574 uti
397 1514 603 1593 praesentibus
625 1515 768 1594 exemplis
790 1528 882 1594 atque
903 1516 999 1576 vivis?
1049 1516 1132 1592 Quid

126 1612 286 1673 iucundius
310 1612 431 1673 auribus
455 1611 564 1673 nostris
586 1633 731 1691 umquam
754 1613 864 1674 accidit
888 1613 975 1673 huius
999 1613 1133 1675 oratione

128 1709 250 1772 Catuli?
277 1728 355 1787 quae
379 1720 425 1770 est
448 1728 523 1789 pura
544 1708 598 1785 sic,
621 1721 654 1770 ut
682 1709 789 1770 Latine
816 1710 900 1788 loqui
928 1730 1024 1789 paene
1052 1712 1132 1771 solus

82 1823 112 1874 15
127 1807 271 1880 videatur,
286 1806 330 1866 sic
350 1818 452 1868 autern
472 1806 576 1885 gravis,
599 1818 633 1867 ut
654 1807 685 1868 in
707 1807 847 1885 singulari
868 1807 1013 1884 dignitate
1033 1807 1132 1869 omnis

126 1915 229 1966 tamen
249 1904 328 1966 adsit
348 1904 518 1964 humanitas
537 1924 573 1965 ac
594 1906 686 1983 lepos·
730 1905 815 1981 Quid
834 1906 951 1965 multa?
972 1905 1062 1965 istum
1083 1925 1133 1965 au·

127 2002 213 2063 diens
224 2001 364 2080 equidem
380 1999 423 2061 sic
437 2000 569 2063 iudicare
583 2003 677 2077 soleo,
691 2001 836 2081 quicquid
849 2013 901 2063 aut
914 2001 1066 2064 addideris
1080 2012 1132 2063 aut

128 2099 250 2161 mutaris
264 2111 317 2160 aut
330 2098 499 2174 detraxeris,
510 2097 645 2160 vitiosius
660 2110 690 2160 et
704 2099 835 2161 deterius
852 2102 992 2161 futurum.
1037 2099 1129 2176 Quid,
1146 2120 1179 2170 30

127 2211 229 2260 noster
246 2199 298 2259 hic
319 2200 430 2262 Caesar
450 2218 553 2259 nonne
573 2218 683 2258 novam
700 2200 853 2277 quandam
867 2198 1014 2260 rationem
1034 2198 1133 2259 attulit

81 2295 270 2358 scotationis
291 2307 321 2357 et
342 2294 464 2357 dicendi
483 2315 578 2374 genus
592 2295 710 2356 induxit
730 2315 824 2373 prope
845 2294 1014 2373 singulare?
1056 2294 1133 2372 Quis

127 2413 273 2473 umquam
296 2413 343 2454 res
368 2404 484 2473 praeter
508 2395 591 2453 hunc
618 2390 743 2470 tragicas
767 2412 864 2470 paene
891 2392 1015 2464 cornice,
1042 2391 1132 2452 tristis

126 2491 259 2567 remisse,
283 2511 399 2552 severas
421 2491 524 2566 hilare,
551 2488 677 2551 forensis
701 2488 839 2550 scaenica
863 2507 957 2568 prope
976 2499 1133 2550 venustate

126 2588 262 2650 tractavit
282 2600 374 2667 atque
395 2587 446 2663 ita,
460 2598 493 2648 ut
515 2607 614 2665 neque
635 2584 719 2647 iocus
740 2584 947 2663 magnitudine
967 2604 1065 2646 rerum
1086 2603 1134 2645 ex·
1173 2625 1175 2630 -

127 2690 297 2749 cluderetur
323 2707 381 2747 nec
404 2686 531 2765 gravitas
555 2684 669 2746 facetiis
694 2684 898 2746 minueretur?
948 2685 1029 2745 Ecce
1053 2703 1135 2762 prae·
1149 2702 1178 2750 31

82 2809 114 2858 25
128 2798 228 2848 sentes
249 2788 312 2848 duo
330 2806 425 2864 prope
445 2787 586 2863 aequales
606 2783 755 2863 Sulpicius
775 2793 805 2844 et
825 2784 923 2846 Cotta
968 2780 1052 2858 Quid
1072 2791 1135 2842 tam

127 2884 205 2946 inter
230 2904 262 2944 se
289 2882 457 2944 dissimile?
488 2881 563 2960 quid
590 2891 652 2941 tam
682 2879 713 2941 in
737 2899 794 2940 suo
822 2899 931 2958 genere
957 2880 1136 2956 praestans?

128 2981 264 3043 Limatus
291 2983 365 3042 alter
387 2992 418 3042 et
438 2979 566 3054 subtilis,
585 2998 649 3039 rem
678 2976 829 3054 explicans
851 2974 976 3056 propriis
996 2975 1134 3054 aptisque

127 3080 245 3155 verbis;
266 3082 368 3140 haeret
388 3078 420 3140 in
440 3099 531 3140 causa
551 3097 669 3157 semper
689 3090 719 3139 et
740 3077 814 3155 quid
835 3076 926 3138 iudici
943 3077 1134 3154 probandum

128 3177 166 3239 sit
186 3198 256 3239 cum
277 3176 448 3237 acutissime
467 3175 550 3248 vidit,
573 3174 691 3236 omissis
712 3173 817 3236 ceteris
841 3171 1023 3251 argumentis
1043 3172 1076 3233 in
1096 3193 1134 3234 eo

82 3295 114 3345 3⁰
128 3286 261 3338 mentem
285 3274 512 3351 orationemque
535 3272 656 3350 defigit3
684 3271 832 3350 Sulpicius
851 3282 952 3333 autem
971 3270 1132 3333 fortissimo

127 3375 261 3452 quodam
279 3370 372 3432 animi
390 3370 512 3448 impetu,
529 3368 701 3448 plenissima
722 3379 752 3431 et
773 3368 902 3432 maxima
915 3388 998 3442 voce,
1015 3388 1133 3430 summa

127 3468 321 3532 contentione
342 3467 473 3547 corporis
493 3478 525 3528 et
544 3465 688 3544 dignitate
709 3479 820 3542 motus,
832 3467 992 3528 verborum
1011 3485 1133 3545 quoque

1146 1373 1165 1431 8

1148 1479 1177 1529 ²9

161 3642 177 3674 a
194 3624 315 3674 tribuitur
326 3621 411 3672 Bake:
430 3622 557 3675 tribuatur
568 3619 636 3671 codd.
657 3675 660 3679 ‚
711 3635 728 3684 3
745 3621 826 3685 quid.
840 3657 847 3672 .
863 3628 987 3691 maturas
998 3621 1050 3670 sect.
1064 3618 1133 3679 Bake

129 3707 143 3754 7
161 3692 218 3754 quis
230 3693 380 3753 cuiusquam
391 3689 457 3753 vulg.
470 3705 477 3737 t
493 3689 644 3750 cuiusquam
656 3686 723 3738 codd.
823 3701 850 3737 11
869 3689 994 3750 conquiro
1005 3686 1074 3736 Bake
