2648 4216
108 257 177 322 με
468 249 512 309 Μ.
535 231 663 308 r'vrm
686 247 920 309 mumolus

193 413 250 475 nisi
265 425 365 477 custos
379 414 507 477 inventis
524 415 720 494 cogitatisque
738 416 827 477 rebus
846 425 876 476 et
894 414 992 476 verbis
1010 413 1197 487 adhibeatur,

193 512 392 590 intellegimus
406 513 516 586 omnia,
528 512 654 573 etiamsi
668 512 901 590 praeclarissima
910 511 1019 573 fuerint
1029 511 1061 572 in
1072 523 1198 584 oratore,

151 633 179 685 19
194 610 330 690 peritura
375 611 475 685 Quam
497 610 538 670 ob
557 629 620 670 rem
639 609 737 669 mirari
755 609 937 683 desinamus,
953 628 1031 687 quae
1050 628 1140 670 causa
1161 607 1200 669 sit

194 707 400 784 eloquentium
414 706 579 783 paucitatis,
592 726 661 767 cum
673 727 709 767 ex
719 706 762 767 eis
773 707 861 767 rebus
872 706 1016 767 universis
1026 704 1200 783 eloquentia

194 815 319 877 constet,
335 803 490 880 inquibus
508 803 631 881 singulis
648 804 799 873 elaborare
818 823 1014 882 permagnum
1034 815 1087 877 est,
1103 805 1227 875 horte5

195 921 321 978 murque
344 900 444 979 potius
467 900 576 962 liberos
601 911 719 961 nostros
744 912 927 978 ceterosque,
954 921 1082 978 quorum
1106 899 1201 978 gloria

195 999 283 1059 nobis
311 1009 341 1059 et
368 998 501 1076 dignita&¹
524 1018 592 1058 cara
620 1009 672 1071 est,
702 1008 735 1058 ut
762 997 864 1058 animo
892 998 934 1058 rei
962 996 1200 1076 magnitudinem

195 1100 432 1174 complectantur
455 1115 555 1174 neque
577 1096 620 1157 eis
641 1107 693 1156 aut
715 1095 880 1173 praeceptis
904 1107 956 1156 aut
981 1094 1126 1174 magistris
1148 1106 1201 1155 aut

196 1194 464 1268 exercitationibus,
480 1193 590 1271 quibus
603 1204 727 1254 utuntur
740 1213 856 1266 omnes,
872 1194 925 1253 sed
939 1192 1004 1253 aliis
1018 1192 1200 1270 quibusdam

196 1314 229 1354 se
252 1293 284 1353 id
308 1293 392 1369 quod
412 1291 730 1370 expetunqvconsequi
750 1310 839 1368 posse
860 1292 1022 1352 confidant
1066 1293 1113 1351 Ac
1134 1309 1202 1350 mea
1216 1309 1247 1346 ro

196 1390 320 1468 quidem
337 1389 484 1450 sententia
502 1409 593 1450 nemo
613 1388 722 1466 poterit
741 1409 806 1450 esse
823 1388 907 1449 omni
926 1389 1016 1449 laude
1032 1389 1201 1448 cumulatus

197 1499 303 1560 orator,
329 1486 386 1547 nisi
413 1486 468 1548 erit
495 1486 631 1547 omniurn
655 1506 752 1547 rerum
781 1505 955 1564 magnarum
979 1498 1070 1563 atque
1093 1484 1202 1545 artium

197 1584 352 1645 scientiam
363 1595 560 1646 consecutus:
577 1583 688 1645 etenim
699 1605 736 1644 ex
746 1603 844 1644 rerum
855 1583 1026 1661 cognitione
1037 1584 1202 1644 efflorescat

197 1694 227 1743 et
245 1684 393 1743 redundet
413 1693 530 1760 oportet
551 1682 653 1743 oratio.
698 1683 793 1758 Quae,
815 1681 872 1742 nisi
893 1701 939 1742 res
960 1692 1005 1742 est
1025 1680 1065 1741 ab
1086 1691 1203 1741 oratore

197 1791 338 1858 percepta
361 1791 391 1840 et
415 1779 542 1856 cognita,
565 1779 685 1840 inanem
710 1781 862 1856 quandam
883 1779 975 1839 habet
1000 1777 1202 1839 elocutionem
1218 1800 1248 1851 1⁵

154 1896 182 1933 21
198 1888 228 1939 et
255 1897 351 1955 paene
374 1876 526 1954 puerilem.
571 1879 679 1953 Neque
702 1896 773 1938 vero
797 1895 854 1954 ego
878 1878 937 1937 hoc
962 1887 1079 1936 tantum
1103 1873 1203 1936 oneris

197 1976 352 2052 imponam
367 1972 475 2035 nostris
488 1973 660 2051 praesertim
675 1974 841 2035 oratoribus
855 1973 887 2034 in
903 1975 960 2034 hac
977 1984 1060 2034 tanta
1077 1993 1203 2050 occupa-

198 2072 280 2134 tione
294 2071 376 2132 urbis
389 2092 425 2132 ac
439 2071 524 2145 vitae,
541 2071 615 2132 nihil
629 2083 662 2132 ut
678 2071 721 2132 eis
738 2083 841 2149 putem
856 2070 945 2133 licere
961 2071 1084 2144 nescire,
1100 2090 1203 2148 quam·

198 2189 289 2248 quam
321 2169 366 2229 vis
397 2169 520 2229 oratoris
550 2168 755 2246 professioque
787 2168 852 2246 ipsa
884 2169 963 2230 bene
991 2167 1113 2230 dicendi
1143 2169 1203 2229 hoc

199 2265 348 2341 suscipere
368 2284 404 2324 ac
424 2263 558 2342 polliceri
578 2264 702 2338 videtur,
718 2276 751 2325 ut
772 2264 856 2327 omni
877 2267 916 2326 de
936 2285 977 2339 re,
993 2283 1203 2343 quaecumque
1219 2283 1250 2318 ιο

156 2383 184 2418 22
199 2361 237 2422 sit
257 2360 417 2438 proposita,
438 2373 541 2423 ornate
561 2362 601 2422 ab
622 2382 660 2423 eo
680 2361 863 2440 copioseque
884 2362 1006 2424 dicatur.
1051 2364 1111 2423 Sed
1132 2360 1204 2438 quia

199 2479 262 2520 non
289 2458 396 2520 dubito
424 2458 497 2536 quin
524 2461 584 2520 hoc
610 2459 759 2538 plerisque
786 2459 968 2521 immensum
993 2458 1205 2535 infinitumque

198 2556 341 2629 videatur,
364 2566 394 2616 et
414 2558 498 2634 quod
519 2559 650 2618 Graecos
671 2557 809 2618 homines
829 2577 892 2618 non
913 2560 1011 2618 solum
1032 2555 1154 2634 ingenio
1175 2565 1205 2615 et

200 2653 343 2726 doctrina,
362 2655 415 2714 sed
437 2653 610 2716 etiamotio
631 2655 791 2734 studioque
804 2654 993 2716 'abundantis
1013 2653 1204 2732 partitionem

199 2751 260 2812 iam
274 2752 427 2828 quandam
441 2750 548 2811 artium
562 2751 667 2813 fecisse
681 2753 771 2815 video
785 2774 884 2831 neque
898 2753 929 2813 in
944 2752 1082 2813 universo
1096 2771 1205 2830 genere
1220 2769 1249 2820 25

201 2848 333 2926 singulos
361 2848 537 2922 elaborasse,
562 2851 616 2911 sed
644 2850 813 2928 seposuisse
840 2871 859 2911 a
886 2850 991 2912 ceteris
1022 2849 1205 2911 dictionibus

201 2965 268 3006 eam
293 2957 407 3022 partem
431 2945 561 3020 dicendi,
588 2967 665 3024 quae
689 2947 720 3007 in
745 2947 913 3009 forensibus
937 2945 1205 3024 disceptationibus

201 3040 380 3103 iudiciorum
394 3054 446 3126 aut
459 3043 709 3105 deliberationum
723 3057 894 3118 versaretur,
910 3055 940 3105 et
953 3044 986 3105 id
999 3065 1094 3104 unum
1111 3063 1205 3121 genus

202 3138 310 3200 oratori
334 3139 506 3218 reliquisse3
536 3162 599 3204 non
623 3145 805 3219 complectar
828 3143 860 3202 in
883 3142 931 3202 his
957 3141 1039 3202 libris
1067 3140 1204 3218 amplius,

202 3255 293 3314 quam
317 3239 400 3314 quod
423 3239 493 3300 huic
515 3240 615 3318 generi
637 3260 669 3301 re
692 3240 827 3317 quaesita
848 3251 878 3301 et
903 3242 1030 3301 multum
1055 3238 1206 3316 disputata
1220 3251 1252 3304 30

159 3357 189 3406 ²3
202 3352 388 3394 summorum
409 3335 566 3397 hominum
587 3356 681 3415 prope
702 3357 851 3398 consensu
873 3347 918 3398 est
938 3336 1083 3397 tributum
1093 3359 1102 3411 3
1125 3355 1207 3414 repe·

202 3442 324 3507 tamque
354 3453 417 3493 non
447 3433 487 3494 ab
518 3433 707 3496 incunabulis
737 3445 856 3496 nostrae
888 3433 995 3496 veteris
1024 3433 1206 3513 puerilisque

153 1360 182 1394 20

237 3585 270 3635 M
275 3588 359 3637 :HE
440 3603 452 3636 r
470 3590 588 3651 cogitatis
598 3591 683 3641 codd:
701 3589 793 3651 cogitis
805 3591 864 3640 H¹:
881 3591 992 3653 cognitis
1004 3589 1093 3640 Pearce
1177 3571 1207 3640 ro

203 3668 232 3702 se
244 3653 270 3701 id
281 3653 320 3702 L:
337 3671 380 3702 om
399 3652 432 3702 Μ
441 3654 523 3716 (habet
532 3656 635 3705 lituram
644 3655 685 3720 H)
781 3671 811 3719 14
828 3656 877 3705 nisi
891 3672 933 3706 res
946 3664 988 3706 est
998 3655 1092 3707 Victor:
1111 3655 1159 3706 nisi
1171 3657 1205 3705 sit

202 3720 253 3769 aa«
262 3718 315 3768 sint
326 3718 392 3768 codd.
404 3735 411 3768 ε
428 3720 478 3768 nisi
489 3721 578 3770 subest
589 3737 631 3771 res
642 3722 665 3770 L
687 3721 732 3785 (cp.
742 3726 755 3782 ς
767 3730 811 3783 50)
