2648 4216
469 253 528 312 DE
548 252 756 314 ORATORE
793 254 809 314 1
1155 252 1197 326 48
1209 263 1258 314 τοῦ

133 416 327 496 quaesieritis,
351 439 429 498 quae
451 439 508 498 ego
530 419 696 495 nescirem3
726 440 825 482 meam
849 420 1021 483 facilitatem
1042 423 1143 484 lauda·

133 527 205 590 tote,
220 536 290 577 cum
304 516 391 579 vobis
405 537 467 579 non
481 537 551 579 meo
565 517 686 591 iudicio,
702 520 756 580 sed
770 530 868 580 vestro
882 518 982 580 studio
1001 518 1142 581 inductus

132 632 196 674 non
222 626 342 692 gravate
368 618 571 694 respondero!
625 619 706 677 Tum
739 618 865 679 Crassus
894 621 1002 695 ‘perge
1029 618 1142 691 modo,’
1156 633 1204 686 ²09

132 710 231 789 inquit
254 712 386 773 ‘Antoni
397 735 407 788 3
435 715 552 775 nullum
574 725 620 776 est
641 713 723 775 enim
747 713 922 793 periculum,
946 734 985 774 ne
1010 715 1084 793 quid
1108 726 1140 776 tu

102 829 117 879 5
132 810 275 887 eloquare
288 809 345 870 nisi
360 809 401 871 ita
419 811 589 888 prudenter,
605 821 639 872 ut
660 810 813 872 neminem
834 823 969 872 nostrum
989 811 1140 889 paeniteat

130 908 172 967 ad
186 907 269 968 hunc
282 919 312 968 te
325 927 496 969 sermonem
509 907 682 987 impulisse’

174 1006 259 1081 ‘Ego
279 1007 370 1079 vero,'
388 1004 495 1083 inquit,
515 1011 653 1085 ‘pergam
674 1016 706 1067 et
725 1005 758 1068 id
779 1005 895 1080 faciam,
911 1007 995 1085 quod
1013 1005 1045 1067 in
1063 1005 1141 1085 prin·

131 1100 212 1179 cipio
232 1101 296 1163 fieri
316 1102 349 1162 in
371 1102 513 1164 omnibus
534 1102 787 1181 disputationibus
807 1115 944 1181 oportere
963 1123 1081 1177 censeo,
1096 1114 1138 1178 ut,

131 1199 207 1277 quid
227 1199 302 1261 illud
322 1199 370 1274 sit,
391 1201 431 1262 de
455 1220 517 1279 quo
537 1200 713 1279 disputetur,
733 1204 915 1279 explanetur,
931 1220 970 1263 ne
990 1201 1088 1280 vagari
1108 1212 1140 1262 et

87 1313 229 1356 mertare
252 1309 376 1374 cogatur
399 1297 504 1371 oratio,
524 1296 550 1358 si
574 1297 611 1372 ei,
627 1297 679 1376 qui
699 1297 776 1358 inter
797 1318 829 1359 se
850 1298 1052 1372 dissenserint,
1076 1317 1139 1359 non

131 1391 213 1454 idem
229 1391 319 1477 [esse]
342 1395 426 1470 illud,
441 1398 481 1457 de
503 1415 565 1474 quo
583 1395 686 1473 agitur,
702 1395 882 1474 intellegant.
927 1399 1007 1457 Nam
1024 1397 1200 1458 silonem

130 1504 321 1568 quaereretur
354 1512 433 1570 quae
466 1503 546 1553 esset
578 1513 626 1553 ars
661 1492 856 1571 imperatoris,
894 1493 1138 1555 constituendum

129 1600 266 1669 putarem
288 1589 444 1668 principio,
470 1589 538 1668 quis
561 1601 640 1651 esset
668 1590 848 1668 imperator;
882 1590 935 1668 qui
963 1611 1032 1651 cum
1059 1602 1139 1652 esset

131 1686 311 1749 constitutus
331 1687 554 1749 administrator
575 1687 699 1766 quidam
721 1688 791 1749 belli
810 1688 941 1766 gerendi,
956 1699 1021 1748 tum
1034 1687 1139 1749 adiun-

87 1801 116 1851 15
130 1805 268 1863 geremus
282 1786 322 1846 de
335 1785 474 1859 exercitu,
489 1787 530 1846 de
552 1785 663 1859 castris,
679 1787 718 1847 de
736 1785 914 1863 agminibus,
930 1788 969 1847 de
986 1785 1137 1864 signorum

131 1880 361 1956 conlationibus,
371 1883 410 1943 de
420 1882 601 1961 oppidorum
612 1882 895 1961 oppugnationibus,
907 1885 947 1944 de
957 1895 1136 1958 commeatu,

131 1981 171 2041 de
191 1978 307 2040 insidiis
325 1979 470 2042 faciendis
488 1992 580 2059 atque
599 1980 737 2054 vitandis,
753 1982 792 2042 de
813 1981 933 2059 reliquis
947 1982 1044 2056 rebus,
1060 2002 1138 2061 quae

130 2088 231 2138 essent
239 2077 376 2156 propriae
386 2078 458 2139 belli
467 2078 695 2140 administrandi
707 2101 717 2154 ,·
730 2100 855 2158 quarum
867 2080 919 2158 qui
928 2093 1027 2142 essent
1035 2079 1137 2143 animo

131 2173 295 2236 etscientia
305 2187 470 2253 compotes,
481 2195 533 2237 eos
544 2196 610 2237 esse
624 2175 816 2254 imperatores
831 2178 970 2252 dicerem,
980 2191 1138 2258 utererque

85 2291 117 2326 20
130 2272 274 2350 exemplis
288 2271 498 2334 Africanorum
512 2283 542 2334 et
563 2273 773 2348 Maximorum,
789 2275 1032 2353 Epaminondam
1046 2289 1137 2355 atque

132 2369 338 2430 Hannibalem
351 2382 443 2448 atque
465 2370 529 2432 eius
551 2371 666 2449 generis
689 2371 826 2432 homines
846 2372 1039 2435 nominarem.
1083 2373 1136 2434 Sin
1151 2397 1196 2434 rrr

129 2478 232 2527 autern
256 2487 467 2546 quaereremus
495 2467 562 2546 quis
587 2479 665 2529 esset
692 2468 726 2542 is,
752 2469 805 2546 qui
825 2471 866 2529 ad
893 2490 956 2530 rem
983 2469 1135 2548 publicam

130 2565 347 2625 moderandam
369 2584 458 2625 usum
480 2576 511 2626 et
529 2564 685 2627 scientiam
704 2577 734 2626 et
748 2565 880 2627 studium
895 2588 983 2627 suum
997 2567 1137 2629 contulis-

129 2671 183 2734 set,
212 2661 368 2722 definirem
396 2663 454 2722 hoc
483 2664 594 2724 modo:
629 2662 682 2741 qui
709 2663 818 2741 quibus
843 2664 931 2724 rebus
955 2663 1066 2725 utilitas
1092 2664 1135 2725 rei

84 2777 114 2828 ²5
128 2757 268 2836 publicae
295 2771 446 2836 pareretur
472 2772 697 2839 augereturque,
724 2771 837 2821 teneret
864 2759 968 2838 eisque
995 2773 1133 2836 uteretur,

128 2856 210 2917 hunc
224 2855 266 2916 rei
280 2856 419 2934 publicae
433 2869 580 2918 rectorem
595 2869 625 2918 et
642 2857 747 2918 consili
761 2857 875 2936 publici
896 2869 1048 2919 auctorem
1069 2879 1134 2920 esse

127 2953 311 3028 habendum,
337 2955 600 3033 praedicaremque
623 2957 655 3015 P.
680 2957 841 3016 Lentulum
863 2955 1029 3033 principem
1049 2956 1133 3017 illum

127 3060 158 3109 et
171 3049 217 3110 Ti.
234 3052 405 3112 Gracchum
419 3063 534 3129 patrem
548 3063 578 3112 et
593 3053 631 3128 Q.
649 3054 807 3113 Metellum
821 3065 851 3113 et
866 3055 898 3114 P.
915 3053 1089 3114 Africanum
1103 3066 1133 3115 et

127 3146 162 3208 C.
180 3147 315 3208 laelium
326 3160 357 3209 et
371 3147 596 3210 innumerabilis
606 3148 681 3209 alios
692 3169 761 3209 curn
773 3169 809 3210 ex
820 3160 922 3210 nostra
936 3149 1054 3211 civitate
1068 3161 1132 3211 tum

80 3265 113 3314 30
126 3263 163 3304 ex
177 3244 289 3307 ceteris.
334 3245 387 3306 Sin
399 3258 501 3307 autem
523 3258 713 3324 quaereretur
735 3247 873 3324 quisnam
893 3247 964 3308 iuris
979 3250 1132 3309 consultus
1147 3267 1193 3306 rra

125 3361 195 3403 vere
208 3342 420 3417 nominaretur,
436 3363 506 3404 eum
522 3343 661 3416 dicerem,
677 3343 729 3421 qui
744 3345 842 3421 legum
862 3355 893 3404 et
907 3344 1132 3406 consuetudinis

125 3438 199 3513 eius,
214 3459 275 3518 qua
292 3439 398 3518 privati
417 3439 450 3500 in
471 3440 590 3501 civitate
611 3451 772 3514 uterentur,
788 3453 817 3501 et
833 3443 874 3502 ad
887 3445 1132 3520 respondendum

125 3546 157 3596 et
179 3536 220 3597 ad
239 3539 390 3615 agendum
415 3539 507 3598 etad
531 3540 699 3598 cavendum
727 3537 839 3615 peritus
863 3550 949 3612 esset,
973 3551 1003 3600 et
1030 3560 1067 3601 ex
1092 3558 1133 3600 eo

210 3706 239 3740 11
259 3706 317 3742 esse
329 3691 376 3742 del.
388 3691 484 3742 Schatr
580 3707 610 3753 14
626 3692 729 3754 quidam
739 3693 793 3741 secl.
805 3692 941 3742 Fn'edn'ch:
959 3709 1010 3742 om.
1024 3692 1045 3740 L
