2648 4216
124 271 192 342 41‘6
481 268 525 327 M.
547 265 676 327 TVLLI
698 267 931 329 CICERONIS

204 433 250 495 sin
265 434 320 495 tibi
338 434 371 496 id
389 418 490 494 minus
507 432 621 508 libebit,
637 453 700 494 non
717 445 747 495 te
766 436 876 512 urgebo
897 443 996 512 neque
1004 433 1205 508 committam,

158 543 245 609 17'ut,
261 534 335 594 dum
352 552 470 594 vereare
489 543 579 593 tune
593 531 638 592 ‘sis
657 531 785 610 ineptus,
801 552 850 593 me
869 552 934 593 esse
952 530 1085 592 iudices’
1126 534 1207 590 Tum

198 620 252 690 ille
271 634 345 708 ‘ego
367 649 416 691 me
434 631 571 690 hercule’
585 628 697 708 inquit,
716 632 727 662 '‘
739 631 857 705 Caesar,
876 645 913 691 ex
934 628 1074 690 omnibus
1092 627 1207 688 Latinis

202 727 300 789 verbis
321 727 506 788 huius-verbi
521 727 581 788 vim
596 729 644 788 vel
658 726 818 787 maximam
839 747 961 805 semper
974 725 1094 805 putavi;
1115 747 1206 804 quem

202 825 284 885 enim
303 847 359 887 nos
378 826 513 904 ineptum
528 825 720 901 vocamusis
735 825 809 886 mihi
822 826 940 887 videtur
957 826 997 886 ab
1016 826 1076 886 hoc
1094 845 1237 896 nomen5

202 924 313 984 habere
340 926 474 997 ductum,
501 926 584 1001 quod
609 920 672 985 non
699 923 738 984 sit
764 935 860 1003 aptus,
886 923 979 1002 idque
1005 923 1037 983 in
1062 923 1208 984 sermonis

202 1023 294 1082 nostri
309 1021 527 1084 consuetudine
541 1025 653 1102 perlate
664 1035 764 1102 patet;
784 1043 855 1084 nam
869 1022 921 1100 qui
934 1034 987 1083 aut
1000 1033 1119 1100 tempus
1133 1021 1208 1100 quid

202 1122 333 1198 postulet
356 1140 419 1181 non
440 1119 523 1180 videt
544 1131 596 1180 aut
619 1122 705 1198 plura
726 1120 857 1199 loquitur
877 1133 930 1181 aut
951 1140 984 1182 se
1005 1130 1136 1180 ostentat
1156 1131 1208 1179 aut

198 1237 316 1293 eorum,
332 1218 512 1296 quibuscum
527 1229 580 1292 est,
596 1220 643 1279 vel
662 1216 874 1296 dignitatisve]
893 1217 1046 1279 commodi
1061 1217 1207 1278 rationem

203 1335 266 1375 non
287 1317 378 1377 habet
398 1327 450 1376 aut
470 1314 602 1393 denique
623 1314 655 1375 in
675 1314 777 1394 aliquo
800 1334 908 1393 genere
931 1326 984 1375 aut
1007 1313 1207 1375 inconcinnus
1224 1339 1255 1375 10

161 1427 190 1476 18
203 1424 255 1473 aut
276 1415 387 1473 multus
400 1424 454 1487 est,
470 1412 496 1473 is
509 1412 629 1490 ineptus
639 1409 708 1474 ’esse
722 1412 839 1474 dicitur.
883 1415 955 1473 Hoc
969 1411 1042 1472 vitio
1056 1415 1208 1474 cumulata

171 1568 174 1576 ,
203 1522 249 1571 est
276 1509 475 1572 eruditissima
501 1510 552 1570 illa
580 1513 763 1571 Graecorum
784 1510 866 1570 natio
878 1532 887 1584 ;
915 1509 1016 1588 itaque
1038 1512 1122 1588 quod
1146 1510 1207 1570 vim

203 1608 291 1669 huius
313 1608 383 1668 mali
404 1607 512 1670 Graeci
532 1628 595 1668 non
616 1607 727 1682 vident,
750 1629 789 1669 ne
807 1628 920 1669 nomen
941 1608 1065 1686 quidem
1086 1608 1113 1669 ei
1135 1607 1208 1669 vitio

202 1705 408 1784 imposuerunt
420 1728 428 1780 ;
457 1717 491 1766 ut
514 1705 595 1767 enim
618 1724 742 1784 quaeras
766 1706 876 1780 omnia,
900 1724 962 1784 quo
984 1707 1078 1766 modo
1100 1705 1208 1766 Graeci

203 1802 339 1881 ineptum
371 1805 530 1882 appellent,
560 1822 623 1864 non
653 1802 788 1881 reperies.
846 1802 991 1865 Omnium
1019 1814 1119 1863 autem
1147 1801 1254 1874 ine-15

201 1899 339 1978 ptiarnm,
355 1920 433 1978 quae
453 1911 523 1960 sunt
543 1899 784 1974 innumerabiles,
799 1901 881 1960 haud
902 1899 994 1960 sciam
1011 1919 1049 1959 an
1069 1901 1152 1959 nulla
1170 1899 1208 1959 sit

203 1996 298 2057 maior
318 2016 417 2074 quam,
434 2008 468 2057 ut
481 1996 524 2056 illi
537 1999 643 2071 solent,
656 2017 848 2075 quocumque
865 1996 897 2056 in
911 1999 987 2070 loco,
1000 2015 1208 2074 quoscumque

203 2093 280 2155 inter
298 2092 436 2154 homines
452 2093 550 2154 visum
567 2105 620 2168 est,
636 2095 676 2155 de
695 2094 783 2154 rebus
799 2105 851 2154 aut
872 2093 1053 2154 difficillimis
1073 2104 1125 2153 aut
1146 2113 1208 2152 non

199 2190 377 2252 'necessariis
397 2189 582 2269 argutissime
603 2190 763 2269 disputare.
807 2193 879 2251 Hoc
895 2211 951 2252 nos
968 2191 1007 2251 ab
1027 2190 1090 2250 istis
1109 2192 1209 2251 adule-

171 2275 462 2349 ⁵scentibusiacere
473 2286 557 2347 inviti
567 2299 598 2348 et
609 2299 779 2348 recusantes
791 2287 854 2348 heri
867 2287 964 2349 coacti
975 2290 1097 2348 sumus.'
1127 2290 1208 2347 Tum
1224 2311 1255 2346 πο

162 2367 330 2448 ⁸⁹·Catulus
350 2390 406 2446 ‘ne
425 2385 532 2446 Graeci
550 2385 692 2464 quidem,'
706 2384 803 2464 inquit
819 2388 953 2461 ‘Crasse
969 2386 1022 2464 qui
1038 2385 1070 2446 in
1087 2385 1209 2446 civitati-

197 2485 261 2547 ·bus
279 2482 339 2543 suis
358 2482 428 2544 clari
445 2495 475 2544 et
495 2482 594 2562 magni
611 2486 739 2557 fuerunt,
755 2483 842 2544 sicuti
859 2496 892 2544 tu
912 2505 944 2545 es
964 2504 1081 2562 nosque
1102 2503 1208 2545 omnes

203 2580 234 2640 in
255 2592 357 2641 nostra
376 2600 408 2640 re
428 2580 549 2659 publica
568 2582 706 2641 volumus
728 2600 802 2654 esse,
818 2582 926 2641 borum
948 2584 1139 2654 Graecorum,
1156 2580 1209 2658 qui

178 2700 235 2741 *se
258 2678 409 2740 inculcant
430 2678 552 2739 auribus
576 2678 692 2752 nostris,
719 2678 830 2739 similes
855 2681 982 2751 luerunt,
1009 2679 1120 2740 necin
1145 2679 1208 2739 otio

160 2806 190 2840 20
204 2796 355 2838 sermones
370 2775 458 2837 huius
473 2775 557 2837 modi
570 2774 848 2854 disputationesque
862 2776 1023 2855 fugiebant.
1053 2780 1099 2837 Ac
1113 2776 1139 2837 si
1153 2776 1209 2838 tibi
1224 2794 1253 2843 25

202 2874 348 2946 videntur,
365 2873 416 2952 qui
431 2873 581 2952 temporis,
597 2873 649 2951 qui
664 2873 731 2947 loci,
747 2872 799 2952 qui
813 2874 970 2934 bominum
985 2874 1131 2936 rationem
1145 2894 1208 2935 non

203 2972 323 3045 habent,
342 2970 444 3049 inepti,
465 2970 542 3031 sicut
563 2971 676 3032 debent
694 2970 796 3045 videri,
815 2991 888 3031 num
908 2973 1032 3032 tandem
1051 2983 1103 3032 aut
1123 2973 1208 3032 locus

203 3069 253 3129 hic
276 3088 339 3129 non
361 3068 488 3130 idoneus
510 3068 635 3144 videtur,
661 3068 693 3128 in
717 3089 779 3147 quo
802 3068 933 3148 porticus
958 3071 1033 3131 baec
1057 3068 1129 3149 ipsa,
1156 3069 1209 3130 ubi

203 3185 285 3225 nunc
301 3166 498 3239 ambulamus,
515 3177 545 3227 et
559 3168 705 3244 palaestra
718 3177 748 3227 et
767 3176 812 3226 tot
831 3167 905 3228 locis
924 3167 1072 3228 sessiones
1088 3187 1209 3245 gymna-

203 3262 315 3324 siorum
340 3274 370 3323 et
394 3265 577 3324 Graecorum
605 3263 842 3342 disputationum
871 3263 1047 3325 memoriam
1074 3267 1208 3342 quodam
1223 3279 1255 3330 30

203 3363 297 3422 modo
307 3364 521 3422 commovent?
562 3364 625 3422 Aut
638 3382 712 3422 num
726 3360 931 3440 importunum
945 3373 1064 3440 tempus
1078 3361 1110 3422 in
1124 3374 1209 3424 tanto

239 3515 250 3548 1
269 3499 357 3548 libebit
374 3498 397 3547 L
408 3516 415 3548 r
432 3500 520 3549 licebit
537 3500 568 3548 M
688 3515 716 3550 11
736 3501 862 3550 comulata
873 3499 912 3548 Ht
924 3518 931 3547 τ
948 3501 1134 3551 commaculata
1145 3502 1210 3551 Doe-

204 3565 293 3615 deriein
395 3580 426 3628 13
441 3565 564 3615 videntur
574 3564 619 3616 H:
640 3581 693 3615 non
706 3566 795 3615 vident
806 3581 839 3614 eo
850 3565 973 3616 Fn'edrr'clr
1053 3571 1084 3616 16
1101 3568 1170 3617 nulla
1182 3587 1208 3618 e:

204 3630 298 3680 ullaH
389 3646 419 3692 17
435 3646 604 3693 quoscunque
622 3648 648 3681 e:
665 3646 782 3693 quosque
796 3631 863 3681 codd.
947 3648 982 3681 ao
997 3632 1062 3682 Tum
1080 3633 1162 3698 ina‘pie
1171 3634 1206 3696 A,

205 3697 306 3746 redeunt
321 3713 379 3746 cum
391 3696 417 3745 E
425 3702 481 3745 lum
499 3697 586 3745 munli
600 3698 738 3745 recentiores
841 3713 874 3759 24
892 3713 940 3747 nec
952 3698 1075 3748 tamenL
1175 3715 1210 3761 30

205 3763 360 3812 Graecarum
372 3760 395 3809 L
463 3762 664 3824 disputationem
676 3762 710 3810 M
