2648 4216
79 265 179 326 33132
471 255 515 314 M.
537 254 666 315 TVLLI
689 252 921 315 CICERONIS

194 419 292 494 fuisse,
314 431 347 482 ut
367 440 458 483 nemo
474 440 569 499 genus
591 419 762 482 universum
784 422 1032 499 complecteretur
1052 429 1144 499 atque
1165 428 1200 479 ut

133 531 180 580 133
193 516 268 578 alius
283 517 370 578 aliam
385 517 443 579 sibi
456 528 572 595 partem
586 517 618 576 in
631 537 692 595 qua
705 517 870 579 elaboraret
884 519 1065 596 seponeret?
1107 514 1200 593 Equi-

194 617 265 676 dem
284 635 373 694 saepe
392 617 451 676 hoc
471 614 573 676 audiri
593 616 632 676 de
651 625 734 692 patre
751 627 781 676 et
803 617 842 676 de
859 634 964 676 socero
985 633 1062 688 meo,
1079 624 1198 674 nostros

192 731 314 790 quoque
342 712 489 786 homines,
517 711 570 790 qui
594 714 737 773 excellere
765 711 928 790 sapientiae
956 710 1050 789 gloria
1076 713 1197 783 vellent,

193 809 305 884 omnia,
325 830 402 888 quae
423 810 546 888 quidem
568 821 632 870 turn
655 808 855 870 haeccivitas
875 819 988 883 nosset,
1006 807 1110 868 solitos
1131 824 1229 874 esses
1268 799 1271 802 ’

193 908 361 985 complecti.
433 908 636 975 Meminerant
673 907 715 967 illi
751 910 817 968 Sera
854 905 994 980 Aelium;
1037 907 1089 965 Μ’.
1125 925 1199 966 vero

193 1005 354 1066 Manilium
368 1025 424 1066 nos
443 1005 534 1066 etiam
551 1005 681 1066 vidimus
702 1015 869 1066 transverso
886 1003 1091 1064 ambulantem
1113 1003 1180 1063 foro
1189 1023 1199 1077 ;

192 1104 276 1180 quod
297 1113 359 1164 erat
379 1102 496 1181 insigne
516 1122 598 1177 eum,
619 1102 671 1180 qui
692 1102 724 1162 id
745 1103 866 1176 faceret,
881 1104 978 1162 facere
999 1099 1113 1162 civibus
1136 1099 1199 1160 suis

192 1199 334 1260 omnibus
353 1199 459 1261 consili
472 1199 518 1261 sui
534 1199 651 1277 copiam
662 1221 671 1274 3
691 1201 730 1260 ad
741 1219 818 1277 quos
832 1198 904 1259 olim
916 1209 947 1258 et
960 1197 1002 1257 ita
1015 1197 1199 1258 ambulantis

192 1307 222 1357 et
236 1297 267 1357 in
282 1297 358 1359 solio
373 1297 504 1359 sedentis
519 1297 602 1359 domi
616 1297 660 1358 sic
673 1295 822 1371 adibatur,
836 1316 898 1357 non
917 1297 1015 1356 solum
1033 1305 1066 1355 ut
1079 1297 1119 1356 de
1133 1294 1199 1355 iure
1215 1313 1247 1352 ro

192 1393 271 1454 civili
291 1396 331 1455 ad
353 1415 417 1470 eos,
438 1415 541 1456 verum
565 1392 656 1456 etiarn
680 1397 719 1456 de
740 1394 801 1454 filia
823 1395 1021 1468 conlocanda,
1041 1395 1080 1454 de
1100 1395 1199 1454 fundo

193 1494 334 1568 emendo,
348 1495 387 1554 de
400 1513 472 1570 agro
486 1495 626 1567 colendo,
640 1495 679 1554 de
698 1492 781 1553 omni
802 1492 933 1570 denique
952 1501 1004 1551 aut
1024 1489 1124 1551 officio
1145 1501 1200 1550 aut

131 1606 178 1657 134
191 1591 314 1668 negotio
330 1594 493 1653 referretur.
539 1595 627 1652 Haec
646 1590 702 1651 fuit
723 1593 755 1651 P.
773 1589 872 1652 Crassi
893 1589 971 1649 illius
991 1588 1107 1663 veteris,
1120 1589 1199 1649 haec

191 1688 238 1749 Ti.
262 1688 444 1764 Coruncani,
467 1691 542 1750 haec
565 1688 668 1766 proavi
690 1688 791 1766 generi
815 1688 875 1748 mei
896 1686 1044 1764 Scipionis
1068 1688 1200 1764 pruden-

192 1785 297 1846 tissimi
328 1786 459 1847 hominis
487 1785 643 1864 sapientia,
669 1787 722 1865 qui
750 1806 856 1847 omnes
882 1785 1041 1864 pontifices
1074 1783 1198 1844 maximi
1215 1802 1243 1856 ¹5

190 1885 321 1959 fuerunt,
335 1894 368 1944 ut
381 1885 421 1944 ad
435 1904 487 1945 eos
502 1885 541 1944 de
555 1883 696 1944 omnibus
709 1883 818 1945 divinis
836 1895 927 1960 atque
948 1881 1087 1943 humanis
1105 1883 1198 1944 rebus

192 1983 364 2055 referretur3
393 1981 553 2059 eidemque
580 1981 612 2041 in
639 1992 744 2042 senatu
772 1993 803 2042 et
828 1983 911 2060 apud
938 1983 1085 2060 populum
1106 1991 1137 2041 et
1164 1979 1198 2041 in

191 2077 288 2138 causis
322 2077 488 2138 amicorum
517 2088 547 2138 et
581 2077 665 2138 domi
698 2089 729 2137 et
760 2075 882 2137 militiae
916 2077 1076 2138 consilium
1106 2097 1197 2138 suum

130 2193 176 2244 135
192 2176 344 2252 fidemque
378 2175 577 2252 praestabant.
635 2175 718 2251 Quid
745 2175 826 2235 enim
863 2178 907 2235 M.
938 2174 1047 2238 Catoni
1079 2185 1198 2253 praeter

191 2274 270 2333 hanc
294 2272 502 2350 politissimam
526 2271 693 2333 doctrinam
717 2271 944 2332 transmarinam
968 2282 1059 2350 atque
1086 2273 1199 2333 adven·
1212 2292 1241 2328 ae

190 2368 292 2429 ticiam
307 2369 424 2430 defuit?
465 2372 559 2444 Num,
572 2368 645 2447 quia
664 2369 709 2430 ius
730 2368 816 2430 civile
837 2369 993 2444 didicerat,
1006 2389 1112 2431 causas
1133 2390 1197 2429 non

190 2467 333 2528 dicebat?
352 2479 404 2528 aut
427 2467 497 2546 quia
520 2478 637 2546 poterat
659 2467 769 2542 dicere,
789 2467 860 2528 iuris
885 2467 1041 2529 scientiam
1062 2470 1198 2545 neglege-

190 2564 265 2625 bat?
305 2567 444 2642 Utroque
458 2564 489 2624 in
504 2584 612 2641 genere
631 2576 661 2625 et
680 2563 843 2626 elaboravit
863 2575 894 2625 et
914 2565 1067 2643 praestitit
1111 2567 1197 2626 Num

188 2672 310 2740 propter
337 2663 416 2722 hanc
444 2682 481 2722 ex
508 2661 690 2740 privatorum
718 2661 846 2740 negotiis
873 2664 1042 2723 conlectam
1069 2662 1196 2740 gratiam

189 2758 299 2820 tardior
310 2759 341 2818 in
351 2781 383 2820 re
391 2759 513 2838 publica
525 2762 710 2838 capessenda
718 2760 796 2820 fuit?
837 2762 938 2821 Nemo
951 2761 1033 2838 apud
1047 2763 1196 2839 populum
1211 2778 1241 2830 25

187 2856 297 2929 fortior,
309 2877 400 2918 nemo
412 2857 518 2918 melior
534 2868 672 2932 senator;
693 2869 723 2918 et
738 2856 818 2918 idem
833 2857 920 2918 facile
929 2855 1060 2936 optimus
1071 2857 1198 2936 impera-

188 2964 235 3014 tor
242 2975 251 3029 ;
281 2954 413 3032 denique
444 2954 519 3015 nihil
548 2955 580 3015 in
603 2958 660 3017 hac
685 2955 804 3016 civitate
831 2955 1017 3034 temporibus
1045 2954 1102 3015 illis
1128 2956 1197 3016 sciri

188 3050 300 3112 discive
314 3052 419 3130 potuit,
442 3055 527 3132 quod
541 3053 591 3115 ille
605 3074 668 3115 non
687 3074 757 3114 cum
774 3052 957 3130 investigarit
973 3065 1003 3114 et
1017 3052 1115 3115 scierit
1130 3064 1196 3114 tum

127 3157 175 3222 136
187 3147 277 3208 etiam
309 3150 525 3229 conscripserit
584 3154 675 3212 Nunc
702 3162 807 3212 contra
834 3150 969 3230 plerique
996 3153 1037 3212 ad
1064 3153 1196 3213 honores

219 3305 252 3353 M
262 3329 283 3347 =
296 3305 380 3354 AEH
485 3323 496 3354 1
516 3309 696 3357 universorum
719 3306 766 3356 M:
794 3307 970 3356 universarum
994 3323 1080 3356 rerum
1104 3308 1198 3356 maluit

186 3370 309 3419 Friedrich
377 3388 393 3420 2
411 3372 524 3422 elaboret
536 3374 590 3422 ΑΕ
605 3389 638 3434 32
704 3374 853 3422 6Marcum
866 3371 900 3420 M
969 3374 1087 3422 Blacere
1100 3389 1149 3423 om.
1165 3373 1199 3420 M

189 3453 218 3484 12
236 3437 269 3485 de
282 3453 345 3499 agro
357 3437 467 3486 colendo
480 3455 530 3488 om.
545 3437 578 3485 M
676 3455 706 3500 13
723 3439 865 3488 referretur
874 3438 899 3486 A
914 3454 996 3502 marg.
1008 3439 1075 3501 vulg.
1089 3456 1096 3486 ε
1118 3453 1195 3500 repe·

187 3507 286 3551 teretur
302 3503 334 3551 H
342 3518 392 3563 32:
418 3510 569 3565 repperetur
585 3503 612 3551 E
707 3519 737 3551 ar
758 3503 883 3553 didicerat
894 3504 979 3567 vulg:
997 3519 1051 3552 non
1068 3502 1194 3552 didicerat

185 3567 252 3679 cpdd.
314 3629 347 3678 Μ
371 3569 404 3618 26
420 3575 447 3617 et
459 3569 527 3617 idem
539 3566 586 3619 M:
603 3568 671 3618 idem
683 3570 749 3633 vulg.
869 3568 943 3619 facile
955 3567 1052 3618 om.M
1160 3584 1192 3632 27

186 3632 299 3681 ilrsom.
1069 3663 1071 3667 <
