2648 4216
448 280 506 339 DE
528 279 735 340 oraroau
777 279 812 338 11
1149 276 1248 351 84444

130 443 328 508 beneficentia
344 445 460 526 positae
469 467 478 521 3
507 445 591 522 aliae,
607 465 685 524 quae
704 445 735 506 in
756 445 857 524 ingeni
875 445 976 525 aliqua
994 447 1135 507 facultate

128 556 180 605 aut
200 544 293 604 animi
315 543 522 622 magnitudine
540 564 576 605 ac
596 545 705 605 robore
714 566 723 618 ;
744 563 815 604 nam
829 543 998 617 elementia,
1013 542 1132 616 iustitia,

127 640 304 720 benignitas,
320 642 404 715 fides,
420 640 563 702 fortitudo
578 640 609 700 in
623 639 762 720 periculis
776 641 988 701 communibus
1003 640 1135 701 iucunda

128 749 173 800 est
192 737 297 799 auditu
316 738 347 798 in
366 737 589 800 laudationibus
599 760 607 812 ;
628 757 734 798 omnes
754 737 835 798 enirn
855 739 911 799 hae
930 737 1052 799 virtutes
1071 757 1134 798 non
1149 753 1198 805 344

99 861 113 910 ⁵
128 847 190 896 tam
204 835 287 915 ipsis,
301 836 353 914 qui
367 855 418 897 eas
433 837 553 910 habent,
570 855 661 913 quam
676 835 777 913 generi
791 834 949 895 hominum
964 837 1134 898 fructuosae
1184 891 1187 899 ,

127 944 278 1012 putantur.
321 932 473 1011 Sapientia
497 944 527 994 et
551 931 727 1010 magnitudo
751 932 852 1007 animi,
875 952 935 1011 qua
957 952 1063 994 omnes
1088 952 1134 994 res

128 1032 279 1091 humanae
299 1041 404 1091 tenues
421 1050 457 1091 ac
478 1049 533 1109 pro
553 1029 647 1089 nihilo
669 1040 818 1108 putantur,
835 1041 864 1090 et
883 1029 915 1089 in
936 1029 1133 1108 excogitando

128 1127 172 1187 vis
193 1129 342 1205 quaedam
364 1126 466 1205 ingeni
490 1138 520 1188 et
541 1126 606 1204 ipsa
626 1126 799 1204 eloquentia
819 1126 1023 1187 admirationis
1042 1127 1134 1187 habet

127 1244 191 1285 non
205 1224 313 1298 minus,
329 1224 522 1286 iucunditatis
540 1223 656 1283 minus:
678 1223 759 1302 ipsos
779 1223 859 1284 enim
878 1224 971 1302 magis
985 1223 1132 1298 videntur,

84 1346 115 1382 10
128 1340 205 1399 quos
219 1324 384 1396 laudamus,
401 1341 492 1400 quam
507 1322 584 1395 illos,
598 1323 680 1399 apud
697 1340 774 1399 quos
793 1323 958 1395 laudamus,
974 1341 1079 1382 ornare
1098 1341 1133 1382 ac

128 1419 211 1480 tueri.
255 1422 315 1481 Sed
336 1431 438 1480 tamen
459 1420 490 1479 in
511 1422 663 1480 laudando
684 1419 836 1497 iungenda
857 1431 926 1479 sunt
947 1418 1037 1481 etiam
1059 1422 1134 1480 haec

126 1536 236 1594 genera
259 1517 401 1576 virtutum
412 1539 421 1592 3
450 1519 548 1578 ferunt
572 1516 653 1579 enim
681 1536 767 1576 aures
795 1516 954 1576 hominum
978 1536 1048 1577 cum
1073 1517 1132 1590 illa,

127 1634 205 1692 quae
222 1615 354 1675 iucunda
371 1626 401 1675 et
419 1626 508 1693 grata,
525 1627 589 1675 tum
611 1615 701 1674 etiam
722 1615 780 1688 illa,
797 1635 875 1692 quae
896 1613 1042 1674 mirabilia
1063 1626 1165 1716 sunt8

126 1710 158 1770 in
172 1711 288 1786 virtute,
303 1712 425 1773 laudari.
470 1715 510 1772 Et
531 1711 674 1790 quoniam
696 1711 878 1791 singularum
899 1711 1041 1772 virtutum
1063 1724 1132 1772 sunt

82 1833 111 1884 15
125 1820 207 1870 certa
225 1812 374 1888 quaedam
393 1809 491 1871 officia
511 1830 547 1871 ac
567 1830 691 1871 munera
709 1822 739 1872 et
758 1829 812 1870 sua
831 1809 940 1889 cuique
953 1809 1053 1870 virtuti
1068 1812 1132 1871 laus

125 1906 245 1985 propria
266 1908 401 1980 debetur,
424 1907 479 1968 erit
502 1908 712 1987 explicandum
734 1906 765 1968 in
786 1909 876 1969 laude
898 1907 1036 1981 iustitiae,
1058 1907 1132 1986 quid

125 2023 196 2064 cum
220 2006 291 2078 fide,
314 2005 388 2083 quid
414 2026 484 2066 curn
511 2005 731 2084 aequabilitate,
755 2005 830 2083 quid
857 2025 928 2066 cum
956 2005 1021 2066 eius
1048 2003 1133 2066 modi

125 2100 226 2179 aliquo
246 2103 346 2163 officio
365 2103 398 2176 is,
415 2102 467 2180 qui
486 2103 662 2177 laudabitur,
680 2103 803 2178 lecerit3
824 2103 957 2182 itemque
977 2102 1008 2163 in
1027 2101 1132 2164 ceteris

125 2219 172 2259 res
191 2210 291 2277 gestae
310 2203 350 2261 ad
369 2199 515 2278 cuiusque
534 2200 649 2261 virtutis
667 2220 762 2278 genus
782 2212 812 2261 et
825 2200 886 2261 vim
906 2212 936 2261 et
954 2220 1067 2260 nomen
1086 2219 1133 2261 ac·

81 2298 408 2358 accommodabuntur.
453 2297 628 2358 Gratissima
649 2309 751 2357 autem
773 2299 838 2357 laus
860 2317 963 2358 eorum
984 2299 1132 2357 sactorum
1145 2293 1195 2360 34⁶

126 2393 260 2467 habetur,
277 2413 355 2472 quae
370 2405 509 2473 suscepta
522 2394 661 2456 videntur
675 2415 694 2455 a
707 2393 776 2454 viris
795 2394 922 2455 sortibus
939 2393 1003 2454 sine
1021 2395 1133 2454 emolu·

126 2502 229 2551 mento
243 2512 279 2552 ac
293 2492 446 2570 praemio;
467 2512 544 2571 quae
558 2512 629 2553 vero
644 2492 734 2552 etiam
749 2512 819 2553 cum
833 2492 935 2552 labore
948 2510 985 2552 ac
999 2490 1132 2569 periculo

125 2587 268 2666 ipsorum,
291 2591 366 2650 haec
390 2590 503 2650 habent
525 2588 704 2650 uberrimam
730 2589 849 2668 copiam
871 2590 911 2650 ad
936 2589 1130 2663 laudandum,

126 2689 209 2763 quod
232 2698 263 2746 et
287 2686 348 2747 dici
373 2686 559 2748 ornatissime
584 2699 710 2766 possunt
735 2698 765 2749 et
789 2685 886 2747 audiri
908 2685 1065 2761 facillime3
1096 2707 1132 2747 ea

81 2805 110 2856 ²5
126 2783 207 2844 enim
229 2783 362 2862 denique
380 2784 471 2846 virtus
491 2805 556 2846 esse
575 2785 693 2847 videtur
714 2783 891 2864 praestantis
908 2783 971 2858 viri,
988 2803 1065 2862 quae
1086 2794 1131 2844 est

125 2883 277 2943 fructuosa
299 2881 371 2956 aliis,
391 2881 447 2961 ipsi
469 2895 521 2944 aut
543 2883 693 2944 laboriosa
712 2895 764 2943 aut
789 2882 956 2960 periculosa
977 2893 1029 2942 aut
1051 2893 1131 2943 certe

123 2979 257 3056 gratuita
303 2982 416 3058 Magna
434 2979 525 3040 etiam
541 2979 592 3040 illa
609 2983 673 3041 laus
692 2991 722 3041 et
741 2980 924 3041 admirabilis
941 2978 1035 3040 videri
1054 2981 1130 3040 solet

124 3076 226 3137 tulisse
245 3097 332 3138 casus
352 3076 500 3156 sapienter
518 3079 668 3152 adversos,
684 3098 747 3139 non
767 3080 894 3139 fractum
916 3097 981 3139 esse
1000 3079 1127 3152 fortuna,

123 3173 280 3235 retinuisse
304 3175 336 3235 in
360 3176 448 3236 rebus
471 3175 582 3255 asperis
607 3175 782 3255 dignitatem
793 3199 801 3250 ;
831 3194 930 3254 neque
955 3186 1056 3236 tamen
1079 3174 1129 3236 illa
1143 3186 1191 3240 347

79 3294 110 3343 30
119 3290 186 3331 non
210 3284 326 3346 omant,
352 3271 447 3333 habiti
475 3275 613 3347 honores,
638 3277 758 3335 decreta
780 3274 894 3336 virtutis
919 3274 1059 3354 praemia,
1082 3295 1129 3336 res

122 3379 224 3446 gestae
248 3369 366 3431 iudiciis
394 3370 553 3432 hominum
581 3373 812 3451 comprobatae;
844 3372 876 3432 in
900 3373 1010 3451 quibus
1038 3373 1129 3436 etiam

1147 1764 1195 1814 345

156 3524 190 3572 M
199 3549 220 3567 =
233 3523 317 3574 ΑΕΗ
381 3542 392 3574 1
410 3526 577 3576 beueficioM
584 3528 604 3593 (l
612 3527 654 3591 A>
719 3542 735 3588 3
752 3527 911 3577 iudicandast
921 3526 952 3575 M
1018 3545 1032 3591 7
1048 3545 1128 3592 prope

124 3589 205 3639 nihilo
216 3589 248 3638 M
325 3593 341 3639 8
358 3590 454 3657 habent
465 3592 564 3654 Kayser
636 3609 654 3656 9
670 3591 792 3641 videntur
803 3591 849 3640 M:
867 3591 1002 3643 videturL
1014 3610 1047 3655 32
1058 3597 1104 3644 vul
1121 3633 1126 3646 .

123 3671 268 3782 gpspeurappie,
283 3693 289 3706 .
302 3693 308 3707 .
322 3656 456 3705 laudamus
467 3673 518 3705 om.
531 3655 564 3704 M
662 3673 690 3706 11
709 3658 735 3704 iu
753 3673 804 3707 om.
825 3657 858 3704 M
949 3660 979 3707 18
996 3661 1062 3722 gerit
1121 3677 1127 3710 :
