2648 4216
80 276 181 344 371⁶,
474 271 516 329 M.
539 269 668 329 svam
690 269 922 333 C1caR0N1s

195 435 227 496 in
242 428 373 499 minimis
388 433 731 516 tenuissimisque‘rebus
745 436 787 498 ita
795 435 870 511 labi,
880 449 914 498 ut
926 437 992 498 aliis
1003 436 1199 511 miserandus,

135 557 182 608 170
194 532 260 594 aliis
279 533 454 595 inridendus
474 554 539 595 esse
557 533 715 595 videatur?
756 533 907 611 Equidem
924 534 1128 612 propinquum
1149 555 1201 595 no·

83 645 86 651 ’
142 645 168 674 ³
195 642 289 690 strum
311 633 342 690 P.
368 632 509 692 Crassum
531 628 628 712 [illum
650 627 796 712 Divitem]
818 651 888 691 cum
905 630 1007 691 multis
1025 630 1090 691 aliis
1110 632 1199 691 rebus

191 729 361 804 'elegantem
379 726 533 788 hominem
547 739 577 788 et
592 738 730 788 omatum
749 739 813 787 tum
831 727 991 804 praecipue
1007 727 1041 794 in
1056 729 1116 788 hoc
1132 729 1201 788 effe·

192 825 322 884 rendum
341 835 371 884 et
390 825 574 885 laudandum
591 835 674 901 puto,
687 825 782 902 quod,
798 844 867 884 cum
883 827 915 885 P.
931 826 1093 885 Scaevolae
1111 827 1228 894 frater.5

195 933 281 994 esset,
295 920 399 981 solitus
413 932 459 982 est
473 920 501 981 ei
515 941 657 999 persaepe
671 920 771 982 dicere
785 941 885 999 neque
898 920 983 981 illurn
997 920 1028 981 in
1042 920 1106 981 iure
1121 920 1199 991 civili

194 1018 264 1078 satis
281 1016 335 1100 [illi
348 1016 416 1100 arti]
431 1021 527 1079 facere
541 1038 638 1096 posse,
650 1017 708 1079 nisi
722 1018 844 1080 dicendi
854 1018 973 1097 copiam
983 1018 1199 1097 adsumpsisset

192 1119 318 1194 -quod
338 1116 461 1194 quidem
480 1116 539 1190 hic,
558 1115 610 1194 qui
628 1136 748 1176 mecum
767 1119 873 1177 consul
891 1116 956 1190 suit,
974 1116 1053 1177 filius
1071 1116 1136 1178 eius
1152 1130 1199 1179 est

193 1225 514 1292 consecutus-neque
533 1234 566 1274 se
583 1225 654 1274 ante
670 1233 775 1278 causas
789 1213 954 1275 amicorum
968 1224 1093 1275 tractare
1106 1227 1198 1293 atque

132 1331 176 1384 171
191 1331 278 1389 agere
299 1310 442 1389 coepisse,
461 1331 552 1389 quam
573 1309 619 1371 ius
640 1310 726 1371 civile
745 1310 906 1372 didicisset.
950 1311 1034 1387 Quid
1054 1332 1126 1373 vero
1145 1311 1196 1374 ille
1212 1329 1243 1366 10

193 1405 264 1489 [M.]
287 1410 389 1470 Cato?
430 1410 542 1469 Nonne
558 1419 588 1468 et
605 1407 777 1486 eloquentia
797 1419 880 1468 tanta
900 1407 964 1482 fuit,
979 1421 1123 1486 quantam
1146 1409 1196 1470 illa

191 1517 327 1583 tempora
350 1517 441 1584 atque
465 1506 516 1566 illa
539 1517 620 1566 aetas
645 1505 677 1565 in
701 1508 758 1566 hac
786 1505 904 1566 civitate
931 1508 1007 1567 ferre
1035 1506 1195 1568 maximam
1277 1528 1279 1532 ⁴

186 1602 296 1680 potuit,
315 1615 345 1664 et
363 1603 434 1664 iuris
456 1601 549 1663 civilis
570 1601 706 1663 omnium
727 1601 946 1680 peritissimus?
986 1604 1195 1665 Verecundius

192 1701 249 1760 hac
271 1700 310 1760 de
334 1721 365 1760 re
387 1699 447 1760 iam
470 1701 586 1760 dudum
606 1701 721 1777 loquor,
739 1700 824 1776 quod
844 1701 931 1760 adest
949 1699 994 1759 vir
1011 1699 1043 1759 in
1062 1699 1194 1761 dicendo

191 1815 334 1870 summus,
357 1811 448 1874 quem
467 1816 523 1874 ego
541 1816 635 1856 unum
655 1807 803 1857 oratorem
822 1794 950 1856 maxime
970 1796 1101 1857 admiror
1110 1819 1119 1871 ;
1139 1798 1194 1858 sed
1209 1819 1239 1870 ¹5

129 1913 173 1965 172
189 1903 290 1953 tamen
318 1893 399 1954 idem
423 1895 482 1954 hoc
506 1912 624 1970 semper
651 1892 697 1953 ius
725 1892 811 1953 civile
838 1892 1026 1970 contempsit.
1069 1895 1192 1968 Verum,

189 1988 332 2067 quoniam
347 1991 512 2052 sententiae
525 2002 616 2069 atque
629 1989 780 2068 opinionis
797 2010 883 2051 meae
896 1990 1030 2051 voluistis
1048 2011 1114 2051 esse
1130 2011 1194 2069 par-

189 2087 302 2165 ticipes,
326 2088 400 2148 nihil
424 2089 583 2150 occultabo
605 2100 644 2162 et,
670 2090 773 2167 quoad
793 2099 907 2165 potero,
926 2087 1012 2148 vobis
1033 2108 1191 2165 exponam,

135 2186 175 2258 38
189 2184 263 2264 quid
291 2188 330 2246 de
359 2206 479 2265 quaque
508 2206 539 2247 re
564 2185 698 2246 sentiam.
755 2184 871 2246 Antoni
895 2184 1077 2246 incredibilis
1105 2207 1193 2264 quae-

151 2343 154 2351 ,
187 2284 259 2343 darn
270 2294 299 2343 et
308 2303 401 2361 prope
418 2282 572 2361 singularis
586 2294 616 2344 et
630 2282 732 2344 divina
745 2282 790 2343 vis
804 2280 905 2360 ingeni
921 2282 1046 2357 videtur,
1062 2282 1152 2343 etiam
1167 2284 1192 2344 si
1208 2306 1238 2341 κο

187 2383 244 2442 hac
266 2381 390 2442 scientia
411 2381 482 2442 iuris
504 2383 617 2442 nudata
641 2380 687 2454 sit,
705 2400 794 2458 posse
817 2400 849 2440 se
871 2378 958 2440 facile
977 2379 1082 2441 ceteris
1101 2381 1191 2442 armis

185 2479 362 2555 prudentiae
380 2477 454 2539 tueri
473 2489 563 2557 atque
582 2479 744 2540 defendere
753 2499 763 2552 ;
783 2497 874 2555 quam
893 2477 1014 2538 obrem
1033 2477 1083 2537 hic
1102 2477 1191 2539 nobis

57 2637 60 2653 1
186 2572 222 2634 sit
242 2587 382 2652 exceptus
392 2597 401 2649 3
425 2586 539 2635 ceteros
563 2594 634 2635 vero
656 2595 719 2635 non
744 2573 890 2635 dubitabo
913 2573 1042 2651 primum
1067 2572 1191 2635 inertiae

57 2656 61 2712 l
125 2692 171 2746 17³
185 2673 386 2732 condemnare
407 2671 554 2732 sententia
570 2692 645 2745 mea,
666 2683 735 2750 post
756 2671 846 2732 etiam
868 2670 1073 2748 impudentiae
1082 2695 1092 2746 ;
1118 2692 1189 2732 nam

183 2768 306 2828 volitare
322 2768 354 2828 in
370 2770 444 2842 soro,
461 2770 581 2829 haerere
602 2768 632 2829 in
655 2768 717 2829 iure
736 2789 772 2829 ac
791 2780 961 2847 praetorum
981 2768 1187 2841 tribunalibus
1206 2793 1235 2842 ²5

184 2864 294 2925 iudicia
307 2863 420 2942 privata
437 2885 610 2942 magnarum
629 2886 726 2926 rerum
744 2865 836 2938 obire,
852 2865 883 2925 in
898 2865 1008 2943 quibus
1022 2885 1112 2942 saepe
1126 2886 1188 2926 non

183 2963 222 3023 de
242 2963 331 3036 lacte,
351 2964 405 3023 sed
426 2964 465 3023 de
487 2963 637 3042 aequitate
661 2984 697 3024 ac
721 2963 784 3024 iure
809 2975 944 3038 certetur,
968 2963 1078 3026 iactare
1101 2984 1134 3024 se
1156 2964 1187 3024 in

183 3057 279 3118 causis
300 3059 571 3134 centumviralibus,
590 3060 622 3120 in
643 3059 753 3138 quibus
774 3060 1002 3138 usucapionum,
1017 3063 1186 3135 tutelarum,

158 3196 160 3201 «
181 3154 387 3232 gentilitatum,
401 3157 602 3236 agnationum,
612 3155 816 3231 adluvionum,
829 3157 1106 3231 circumluvionum,
1119 3179 1188 3218 nex·

181 3272 276 3325 orum,
294 3253 520 3333 mancipiorum,
539 3254 693 3332 parietum,
712 3254 868 3328 luminum,
889 3254 1115 3327 stillicidiorum,
1131 3266 1187 3316 tes
1201 3277 1234 3325 30

180 3359 387 3410 tamentorum
400 3362 565 3430 'ruptorum
593 3362 645 3411 aut
672 3362 812 3424 ratorum,
838 3363 1063 3429 ceterarumque
1087 3373 1186 3413 rerum

212 3501 245 3551 M
249 3504 307 3552 =H
356 3503 460 3567 sillum
470 3497 584 3554 Divitem
596 3504 693 3553 seclusit
702 3498 773 3552 Bake
848 3504 913 3565 7i11i
925 3505 974 3554 arti
986 3505 1190 3555 seclum'tEmstr'

180 3570 217 3635 -di
227 3571 345 3633 sopiam:
363 3570 448 3633 zaa'pd
454 3577 480 3633 p.
493 3571 545 3619 xxi.
560 3569 645 3618 codr'cis
655 3568 798 3633 Hortatur
868 3585 896 3620 11
917 3571 1016 3636 M.Vom.
1028 3570 1085 3619 Hm
1155 3586 1185 3619 12

179 3633 693 3705 serrem2eaferreH¹retferreH²
747 3708 749 3711 Ι
834 3689 881 3700 Ι,
940 3634 943 3640 ’
