<?xml version="1.0" encoding="UTF-8"?>
<!DOCTYPE html PUBLIC "-//W3C//DTD XHTML 1.0 Transitional//EN"
    "http://www.w3.org/TR/xhtml1/DTD/xhtml1-transitional.dtd">
<html xmlns="http://www.w3.org/1999/xhtml" xml:lang="en" lang="en">
 <head>
  <title>
</title>
<meta http-equiv="Content-Type" content="text/html;charset=utf-8" />
  <meta name='ocr-system' content='tesseract 3.04.00' />
  <meta name='ocr-capabilities' content='ocr_page ocr_carea ocr_par ocr_line ocrx_word'/>
</head>
<body>
  <div class='ocr_page' id='page_1' title='image "./mtvlliciceronis01wilkgoog/mtvlliciceronis01wilkgoog_0099.png"; bbox 0 0 2648 4216; ppageno 0'>
   <div class='ocr_carea' id='block_1_1' title="bbox 82 237 906 315">
    <p class='ocr_par' dir='ltr' id='par_1_1' title="bbox 82 237 906 315">
     <span class='ocr_line' id='line_1_1' title="bbox 82 237 906 315; baseline -0.021 -1"><span class='ocrx_word' id='word_1_1' title='bbox 82 252 116 312; x_wconf 77' lang='lat'>¹3</span> <span class='ocrx_word' id='word_1_2' title='bbox 130 257 163 315; x_wconf 81' lang='grc'>54</span> <span class='ocrx_word' id='word_1_3' title='bbox 456 239 499 297; x_wconf 90' lang='grc' dir='ltr'>Μ.</span> <span class='ocrx_word' id='word_1_4' title='bbox 522 237 650 297; x_wconf 88' lang='lat' dir='ltr'>TVLLI</span> <span class='ocrx_word' id='word_1_5' title='bbox 673 237 906 299; x_wconf 86' lang='lat' dir='ltr'><strong>CICERONIS</strong></span> 
     </span>
    </p>
   </div>
   <div class='ocr_carea' id='block_1_2' title="bbox 110 402 1221 3410">
    <p class='ocr_par' dir='ltr' id='par_1_2' title="bbox 110 402 1221 3410">
     <span class='ocr_line' id='line_1_2' title="bbox 174 402 1181 484; baseline -0.001 -19"><span class='ocrx_word' id='word_1_6' title='bbox 174 405 384 467; x_wconf 86' lang='lat' dir='ltr'>conlocatione</span> <span class='ocrx_word' id='word_1_7' title='bbox 401 417 432 467; x_wconf 91' lang='lat' dir='ltr'>et</span> <span class='ocrx_word' id='word_1_8' title='bbox 448 416 544 465; x_wconf 88' lang='lat' dir='ltr'>tractu</span> <span class='ocrx_word' id='word_1_9' title='bbox 565 403 707 466; x_wconf 89' lang='lat' dir='ltr'>orationis</span> <span class='ocrx_word' id='word_1_10' title='bbox 726 403 786 465; x_wconf 92' lang='lat' dir='ltr'>leni</span> <span class='ocrx_word' id='word_1_11' title='bbox 803 415 834 466; x_wconf 91' lang='lat' dir='ltr'>et</span> <span class='ocrx_word' id='word_1_12' title='bbox 853 403 1005 483; x_wconf 85' lang='lat' dir='ltr'>aequabili</span> <span class='ocrx_word' id='word_1_13' title='bbox 1021 402 1181 484; x_wconf 86' lang='lat' dir='ltr'>perpolivit</span> 
     </span>
     <span class='ocr_line' id='line_1_3' title="bbox 173 501 1181 581; baseline -0.001 -18"><span class='ocrx_word' id='word_1_14' title='bbox 173 501 248 563; x_wconf 90' lang='lat' dir='ltr'>illud</span> <span class='ocrx_word' id='word_1_15' title='bbox 276 522 353 581; x_wconf 90' lang='lat' dir='ltr'>opus</span> <span class='ocrx_word' id='word_1_16' title='bbox 365 524 374 577; x_wconf 89' lang='lat'>;</span> <span class='ocrx_word' id='word_1_17' title='bbox 409 504 464 563; x_wconf 92' lang='lat' dir='ltr'>sed</span> <span class='ocrx_word' id='word_1_18' title='bbox 491 513 525 562; x_wconf 92' lang='lat' dir='ltr'>ut</span> <span class='ocrx_word' id='word_1_19' title='bbox 553 503 646 562; x_wconf 91' lang='lat' dir='ltr'>homo</span> <span class='ocrx_word' id='word_1_20' title='bbox 673 519 773 580; x_wconf 90' lang='lat' dir='ltr'>neque</span> <span class='ocrx_word' id='word_1_21' title='bbox 797 502 905 562; x_wconf 92' lang='lat' dir='ltr'>doctus</span> <span class='ocrx_word' id='word_1_22' title='bbox 927 522 1028 580; x_wconf 90' lang='lat' dir='ltr'>neque</span> <span class='ocrx_word' id='word_1_23' title='bbox 1051 501 1181 562; x_wconf 84' lang='lat' dir='ltr'>maxime</span> 
     </span>
     <span class='ocr_line' id='line_1_4' title="bbox 172 599 1181 679; baseline 0.001 -19"><span class='ocrx_word' id='word_1_24' title='bbox 172 613 260 678; x_wconf 90' lang='lat' dir='ltr'>aptus</span> <span class='ocrx_word' id='word_1_25' title='bbox 281 603 321 662; x_wconf 90' lang='lat' dir='ltr'>ad</span> <span class='ocrx_word' id='word_1_26' title='bbox 335 601 507 674; x_wconf 90' lang='lat' dir='ltr'>dicendum,</span> <span class='ocrx_word' id='word_1_27' title='bbox 530 599 608 661; x_wconf 93' lang='lat' dir='ltr'>sicut</span> <span class='ocrx_word' id='word_1_28' title='bbox 628 599 734 679; x_wconf 89' lang='lat' dir='ltr'>potuit,</span> <span class='ocrx_word' id='word_1_29' title='bbox 757 599 888 676; x_wconf 81' lang='lat' dir='ltr'>dolavit3</span> <span class='ocrx_word' id='word_1_30' title='bbox 920 599 992 661; x_wconf 90' lang='lat' dir='ltr'>vicit</span> <span class='ocrx_word' id='word_1_31' title='bbox 1013 612 1124 674; x_wconf 88' lang='lat' dir='ltr'>tamen,</span> <span class='ocrx_word' id='word_1_32' title='bbox 1146 611 1181 661; x_wconf 91' lang='lat' dir='ltr'>ut</span> 
     </span>
     <span class='ocr_line' id='line_1_5' title="bbox 128 695 1180 777; baseline -0.001 -19"><span class='ocrx_word' id='word_1_33' title='bbox 128 721 159 771; x_wconf 83' lang='lat'>55</span> <span class='ocrx_word' id='word_1_34' title='bbox 173 697 256 772; x_wconf 90' lang='lat' dir='ltr'>dicis,</span> <span class='ocrx_word' id='word_1_35' title='bbox 280 697 466 777; x_wconf 90' lang='lat' dir='ltr'>superiores.’</span> <span class='ocrx_word' id='word_1_36' title='bbox 510 696 658 757; x_wconf 86' lang='lat' dir='ltr'>‘Minime</span> <span class='ocrx_word' id='word_1_37' title='bbox 680 697 807 770; x_wconf 89' lang='lat' dir='ltr'>mirum,’</span> <span class='ocrx_word' id='word_1_38' title='bbox 835 695 933 775; x_wconf 91' lang='lat' dir='ltr'>inquit</span> <span class='ocrx_word' id='word_1_39' title='bbox 955 698 1105 758; x_wconf 87' lang='lat' dir='ltr'>Antonius</span> <span class='ocrx_word' id='word_1_40' title='bbox 1135 696 1180 757; x_wconf 87' lang='lat' dir='ltr'>‘si</span> 
     </span>
     <span class='ocr_line' id='line_1_6' title="bbox 171 794 1208 874; baseline 0 -19"><span class='ocrx_word' id='word_1_41' title='bbox 171 794 228 856; x_wconf 93' lang='lat' dir='ltr'>ista</span> <span class='ocrx_word' id='word_1_42' title='bbox 242 816 288 857; x_wconf 91' lang='lat' dir='ltr'>res</span> <span class='ocrx_word' id='word_1_43' title='bbox 302 798 404 857; x_wconf 92' lang='lat' dir='ltr'>adhuc</span> <span class='ocrx_word' id='word_1_44' title='bbox 418 806 519 856; x_wconf 89' lang='lat' dir='ltr'>nostra</span> <span class='ocrx_word' id='word_1_45' title='bbox 533 794 634 874; x_wconf 86' lang='lat' dir='ltr'>lingua</span> <span class='ocrx_word' id='word_1_46' title='bbox 653 794 808 855; x_wconf 87' lang='lat' dir='ltr'>inlustrata</span> <span class='ocrx_word' id='word_1_47' title='bbox 821 814 885 854; x_wconf 93' lang='lat' dir='ltr'>non</span> <span class='ocrx_word' id='word_1_48' title='bbox 899 806 963 870; x_wconf 91' lang='lat' dir='ltr'>est;</span> <span class='ocrx_word' id='word_1_49' title='bbox 991 815 1083 856; x_wconf 91' lang='lat' dir='ltr'>nemo</span> <span class='ocrx_word' id='word_1_50' title='bbox 1096 795 1179 855; x_wconf 92' lang='lat' dir='ltr'>enim</span> <span class='ocrx_word' id='word_1_51' title='bbox 1193 811 1208 862; x_wconf 84' lang='lat'>5</span> 
     </span>
     <span class='ocr_line' id='line_1_7' title="bbox 170 891 1178 972; baseline 0 -19"><span class='ocrx_word' id='word_1_52' title='bbox 170 894 272 954; x_wconf 89' lang='lat' dir='ltr'>studet</span> <span class='ocrx_word' id='word_1_53' title='bbox 295 892 487 972; x_wconf 83' lang='lat' dir='ltr'>eloquentiae</span> <span class='ocrx_word' id='word_1_54' title='bbox 506 902 677 954; x_wconf 87' lang='lat' dir='ltr'>nostrorum</span> <span class='ocrx_word' id='word_1_55' title='bbox 699 891 866 964; x_wconf 93' lang='lat' dir='ltr'>hominum,</span> <span class='ocrx_word' id='word_1_56' title='bbox 891 891 949 953; x_wconf 90' lang='lat' dir='ltr'>nisi</span> <span class='ocrx_word' id='word_1_57' title='bbox 972 903 1006 952; x_wconf 93' lang='lat' dir='ltr'>ut</span> <span class='ocrx_word' id='word_1_58' title='bbox 1026 891 1058 952; x_wconf 94' lang='lat' dir='ltr'>in</span> <span class='ocrx_word' id='word_1_59' title='bbox 1079 891 1178 953; x_wconf 89' lang='lat' dir='ltr'>causis</span> 
     </span>
     <span class='ocr_line' id='line_1_8' title="bbox 169 988 1177 1069; baseline -0.001 -19"><span class='ocrx_word' id='word_1_60' title='bbox 169 1002 259 1069; x_wconf 89' lang='lat' dir='ltr'>atque</span> <span class='ocrx_word' id='word_1_61' title='bbox 273 990 306 1051; x_wconf 92' lang='lat' dir='ltr'>in</span> <span class='ocrx_word' id='word_1_62' title='bbox 320 993 385 1052; x_wconf 86' lang='lat' dir='ltr'>soro</span> <span class='ocrx_word' id='word_1_63' title='bbox 399 992 535 1064; x_wconf 83' lang='lat' dir='ltr'>eluceat3</span> <span class='ocrx_word' id='word_1_64' title='bbox 566 991 648 1069; x_wconf 88' lang='lat' dir='ltr'>apud</span> <span class='ocrx_word' id='word_1_65' title='bbox 670 991 802 1049; x_wconf 92' lang='lat' dir='ltr'>Graecos</span> <span class='ocrx_word' id='word_1_66' title='bbox 821 1001 923 1051; x_wconf 91' lang='lat' dir='ltr'>autem</span> <span class='ocrx_word' id='word_1_67' title='bbox 938 988 1177 1067; x_wconf 90' lang='lat' dir='ltr'>eloquentissimi</span> 
     </span>
     <span class='ocr_line' id='line_1_9' title="bbox 168 1085 1176 1170; baseline -0.001 -22"><span class='ocrx_word' id='word_1_68' title='bbox 168 1088 307 1149; x_wconf 92' lang='lat' dir='ltr'>homines</span> <span class='ocrx_word' id='word_1_69' title='bbox 331 1087 439 1148; x_wconf 90' lang='lat' dir='ltr'>remoti</span> <span class='ocrx_word' id='word_1_70' title='bbox 467 1108 486 1148; x_wconf 87' lang='lat' dir='ltr'>a</span> <span class='ocrx_word' id='word_1_71' title='bbox 513 1086 610 1147; x_wconf 88' lang='lat' dir='ltr'>causis</span> <span class='ocrx_word' id='word_1_72' title='bbox 638 1085 808 1170; x_wconf 84' lang='lat' dir='ltr'>forensibus</span> <span class='ocrx_word' id='word_1_73' title='bbox 836 1107 906 1147; x_wconf 91' lang='lat' dir='ltr'>cum</span> <span class='ocrx_word' id='word_1_74' title='bbox 929 1088 970 1147; x_wconf 91' lang='lat' dir='ltr'>ad</span> <span class='ocrx_word' id='word_1_75' title='bbox 992 1099 1106 1147; x_wconf 87' lang='lat' dir='ltr'>ceteras</span> <span class='ocrx_word' id='word_1_76' title='bbox 1129 1107 1176 1147; x_wconf 91' lang='lat' dir='ltr'>res</span> 
     </span>
     <span class='ocr_line' id='line_1_10' title="bbox 167 1183 1176 1262; baseline -0.001 -18"><span class='ocrx_word' id='word_1_77' title='bbox 167 1184 298 1246; x_wconf 89' lang='lat' dir='ltr'>inlustris</span> <span class='ocrx_word' id='word_1_78' title='bbox 318 1197 382 1245; x_wconf 90' lang='lat' dir='ltr'>tum</span> <span class='ocrx_word' id='word_1_79' title='bbox 400 1186 439 1246; x_wconf 90' lang='lat' dir='ltr'>ad</span> <span class='ocrx_word' id='word_1_80' title='bbox 459 1184 614 1245; x_wconf 89' lang='lat' dir='ltr'>historiam</span> <span class='ocrx_word' id='word_1_81' title='bbox 631 1183 823 1244; x_wconf 90' lang='lat' dir='ltr'>scribendam</span> <span class='ocrx_word' id='word_1_82' title='bbox 842 1183 972 1245; x_wconf 89' lang='lat' dir='ltr'>maxime</span> <span class='ocrx_word' id='word_1_83' title='bbox 993 1203 1026 1244; x_wconf 90' lang='lat' dir='ltr'>se</span> <span class='ocrx_word' id='word_1_84' title='bbox 1046 1183 1176 1262; x_wconf 90' lang='lat' dir='ltr'>applica-</span> 
     </span>
     <span class='ocr_line' id='line_1_11' title="bbox 166 1279 1221 1359; baseline -0.005 -18"><span class='ocrx_word' id='word_1_85' title='bbox 166 1293 292 1342; x_wconf 87' lang='lat' dir='ltr'>verunt:</span> <span class='ocrx_word' id='word_1_86' title='bbox 323 1302 455 1359; x_wconf 86' lang='lat' dir='ltr'>namque</span> <span class='ocrx_word' id='word_1_87' title='bbox 474 1292 504 1342; x_wconf 93' lang='lat' dir='ltr'>et</span> <span class='ocrx_word' id='word_1_88' title='bbox 522 1283 715 1342; x_wconf 91' lang='lat' dir='ltr'>Herodotum</span> <span class='ocrx_word' id='word_1_89' title='bbox 733 1279 827 1353; x_wconf 90' lang='lat' dir='ltr'>illum,</span> <span class='ocrx_word' id='word_1_90' title='bbox 848 1280 901 1358; x_wconf 92' lang='lat' dir='ltr'>qui</span> <span class='ocrx_word' id='word_1_91' title='bbox 919 1279 1058 1359; x_wconf 87' lang='lat' dir='ltr'>princeps</span> <span class='ocrx_word' id='word_1_92' title='bbox 1079 1301 1174 1358; x_wconf 86' lang='lat' dir='ltr'>genus</span> <span class='ocrx_word' id='word_1_93' title='bbox 1189 1299 1221 1337; x_wconf 87' lang='lat' dir='ltr'>ro</span> 
     </span>
     <span class='ocr_line' id='line_1_12' title="bbox 167 1376 1174 1456; baseline 0.001 -19"><span class='ocrx_word' id='word_1_94' title='bbox 167 1379 226 1439; x_wconf 94' lang='lat' dir='ltr'>hoc</span> <span class='ocrx_word' id='word_1_95' title='bbox 241 1379 365 1453; x_wconf 87' lang='lat' dir='ltr'>ornavit,</span> <span class='ocrx_word' id='word_1_96' title='bbox 376 1379 406 1439; x_wconf 93' lang='lat' dir='ltr'>in</span> <span class='ocrx_word' id='word_1_97' title='bbox 421 1378 519 1440; x_wconf 91' lang='lat' dir='ltr'>causis</span> <span class='ocrx_word' id='word_1_98' title='bbox 530 1378 606 1439; x_wconf 93' lang='lat' dir='ltr'>nihil</span> <span class='ocrx_word' id='word_1_99' title='bbox 615 1376 740 1440; x_wconf 91' lang='lat' dir='ltr'>omnino</span> <span class='ocrx_word' id='word_1_100' title='bbox 751 1390 901 1438; x_wconf 87' lang='lat' dir='ltr'>versatum</span> <span class='ocrx_word' id='word_1_101' title='bbox 910 1397 976 1438; x_wconf 91' lang='lat' dir='ltr'>esse</span> <span class='ocrx_word' id='word_1_102' title='bbox 986 1377 1174 1456; x_wconf 87' lang='lat' dir='ltr'>accepimus;</span> 
     </span>
     <span class='ocr_line' id='line_1_13' title="bbox 166 1474 1175 1554; baseline 0.002 -19"><span class='ocrx_word' id='word_1_103' title='bbox 166 1475 250 1554; x_wconf 89' lang='lat' dir='ltr'>atqui</span> <span class='ocrx_word' id='word_1_104' title='bbox 273 1488 356 1537; x_wconf 86' lang='lat' dir='ltr'>tanta</span> <span class='ocrx_word' id='word_1_105' title='bbox 378 1487 424 1537; x_wconf 88' lang='lat' dir='ltr'>est</span> <span class='ocrx_word' id='word_1_106' title='bbox 448 1475 628 1554; x_wconf 86' lang='lat' dir='ltr'>eloquentia,</span> <span class='ocrx_word' id='word_1_107' title='bbox 653 1487 687 1535; x_wconf 92' lang='lat' dir='ltr'>ut</span> <span class='ocrx_word' id='word_1_108' title='bbox 711 1495 760 1535; x_wconf 93' lang='lat' dir='ltr'>me</span> <span class='ocrx_word' id='word_1_109' title='bbox 784 1474 918 1553; x_wconf 89' lang='lat' dir='ltr'>quidem,</span> <span class='ocrx_word' id='word_1_110' title='bbox 942 1486 1090 1552; x_wconf 88' lang='lat' dir='ltr'>quantum</span> <span class='ocrx_word' id='word_1_111' title='bbox 1117 1496 1175 1553; x_wconf 84' lang='lat' dir='ltr'>ego</span> 
     </span>
     <span class='ocr_line' id='line_1_14' title="bbox 168 1573 1174 1653; baseline 0.003 -21"><span class='ocrx_word' id='word_1_112' title='bbox 168 1574 284 1635; x_wconf 86' lang='lat' dir='ltr'>Graece</span> <span class='ocrx_word' id='word_1_113' title='bbox 305 1574 414 1653; x_wconf 87' lang='lat' dir='ltr'>scripta</span> <span class='ocrx_word' id='word_1_114' title='bbox 435 1573 607 1651; x_wconf 86' lang='lat' dir='ltr'>intellegere</span> <span class='ocrx_word' id='word_1_115' title='bbox 628 1593 761 1651; x_wconf 89' lang='lat' dir='ltr'>possum,</span> <span class='ocrx_word' id='word_1_116' title='bbox 782 1591 892 1650; x_wconf 82' lang='lat' dir='ltr'>magno</span> <span class='ocrx_word' id='word_1_117' title='bbox 914 1591 1006 1651; x_wconf 92' lang='lat' dir='ltr'>opere</span> <span class='ocrx_word' id='word_1_118' title='bbox 1024 1573 1174 1649; x_wconf 83' lang='lat' dir='ltr'>delectet3</span> 
     </span>
     <span class='ocr_line' id='line_1_15' title="bbox 122 1669 1174 1751; baseline -0.005 -16"><span class='ocrx_word' id='word_1_119' title='bbox 122 1686 154 1750; x_wconf 81' lang='lat'>5⁶</span> <span class='ocrx_word' id='word_1_120' title='bbox 168 1682 198 1731; x_wconf 89' lang='lat' dir='ltr'>et</span> <span class='ocrx_word' id='word_1_121' title='bbox 217 1684 287 1751; x_wconf 92' lang='lat' dir='ltr'>post</span> <span class='ocrx_word' id='word_1_122' title='bbox 303 1671 388 1732; x_wconf 91' lang='lat' dir='ltr'>illum</span> <span class='ocrx_word' id='word_1_123' title='bbox 405 1670 600 1748; x_wconf 88' lang='lat' dir='ltr'>Thucydides</span> <span class='ocrx_word' id='word_1_124' title='bbox 619 1669 718 1731; x_wconf 92' lang='lat' dir='ltr'>omnis</span> <span class='ocrx_word' id='word_1_125' title='bbox 737 1669 860 1731; x_wconf 89' lang='lat' dir='ltr'>dicendi</span> <span class='ocrx_word' id='word_1_126' title='bbox 876 1669 1003 1731; x_wconf 88' lang='lat' dir='ltr'>artificio</span> <span class='ocrx_word' id='word_1_127' title='bbox 1022 1689 1091 1730; x_wconf 91' lang='lat' dir='ltr'>mea</span> <span class='ocrx_word' id='word_1_128' title='bbox 1108 1691 1174 1732; x_wconf 92' lang='lat' dir='ltr'>sen-</span> 
     </span>
     <span class='ocr_line' id='line_1_16' title="bbox 166 1767 1217 1846; baseline -0.002 -17"><span class='ocrx_word' id='word_1_129' title='bbox 166 1769 260 1830; x_wconf 89' lang='lat' dir='ltr'>tentia</span> <span class='ocrx_word' id='word_1_130' title='bbox 281 1767 367 1830; x_wconf 85' lang='lat' dir='ltr'>facile</span> <span class='ocrx_word' id='word_1_131' title='bbox 388 1768 478 1843; x_wconf 78' lang='lat' dir='ltr'>vicit3</span> <span class='ocrx_word' id='word_1_132' title='bbox 506 1767 559 1846; x_wconf 91' lang='lat' dir='ltr'>qui</span> <span class='ocrx_word' id='word_1_133' title='bbox 580 1767 621 1827; x_wconf 89' lang='lat' dir='ltr'>ita</span> <span class='ocrx_word' id='word_1_134' title='bbox 637 1768 742 1829; x_wconf 91' lang='lat' dir='ltr'>creber</span> <span class='ocrx_word' id='word_1_135' title='bbox 760 1778 805 1828; x_wconf 94' lang='lat' dir='ltr'>est</span> <span class='ocrx_word' id='word_1_136' title='bbox 826 1788 925 1828; x_wconf 91' lang='lat' dir='ltr'>rerum</span> <span class='ocrx_word' id='word_1_137' title='bbox 947 1767 1122 1846; x_wconf 89' lang='lat' dir='ltr'>frequentia,</span> <span class='ocrx_word' id='word_1_138' title='bbox 1138 1780 1172 1829; x_wconf 92' lang='lat' dir='ltr'>ut</span> <span class='ocrx_word' id='word_1_139' title='bbox 1187 1791 1196 1827; x_wconf 88' lang='lat' dir='ltr'>t</span> <span class='ocrx_word' id='word_1_140' title='bbox 1203 1793 1217 1843; x_wconf 84' lang='lat'><strong>5</strong></span> 
     </span>
     <span class='ocr_line' id='line_1_17' title="bbox 164 1864 1171 1944; baseline 0.001 -18"><span class='ocrx_word' id='word_1_141' title='bbox 164 1867 323 1927; x_wconf 92' lang='lat' dir='ltr'>verborum</span> <span class='ocrx_word' id='word_1_142' title='bbox 332 1885 426 1944; x_wconf 93' lang='lat' dir='ltr'>prope</span> <span class='ocrx_word' id='word_1_143' title='bbox 435 1885 593 1925; x_wconf 91' lang='lat' dir='ltr'>numerum</span> <span class='ocrx_word' id='word_1_144' title='bbox 603 1864 817 1925; x_wconf 89' lang='lat' dir='ltr'>sententiarum</span> <span class='ocrx_word' id='word_1_145' title='bbox 827 1885 953 1926; x_wconf 92' lang='lat' dir='ltr'>numero</span> <span class='ocrx_word' id='word_1_146' title='bbox 962 1878 1171 1944; x_wconf 91' lang='lat' dir='ltr'>consequatur,</span> 
     </span>
     <span class='ocr_line' id='line_1_18' title="bbox 165 1961 1172 2042; baseline 0.002 -20"><span class='ocrx_word' id='word_1_147' title='bbox 165 1962 206 2023; x_wconf 90' lang='lat' dir='ltr'>ita</span> <span class='ocrx_word' id='word_1_148' title='bbox 220 1983 309 2042; x_wconf 89' lang='lat' dir='ltr'>porro</span> <span class='ocrx_word' id='word_1_149' title='bbox 328 1962 426 2024; x_wconf 91' lang='lat' dir='ltr'>verbis</span> <span class='ocrx_word' id='word_1_150' title='bbox 443 1974 488 2023; x_wconf 92' lang='lat' dir='ltr'>est</span> <span class='ocrx_word' id='word_1_151' title='bbox 509 1974 596 2041; x_wconf 86' lang='lat' dir='ltr'>aptus</span> <span class='ocrx_word' id='word_1_152' title='bbox 614 1973 645 2023; x_wconf 91' lang='lat' dir='ltr'>et</span> <span class='ocrx_word' id='word_1_153' title='bbox 664 1981 792 2040; x_wconf 87' lang='lat' dir='ltr'>pressus,</span> <span class='ocrx_word' id='word_1_154' title='bbox 809 1973 841 2021; x_wconf 94' lang='lat' dir='ltr'>ut</span> <span class='ocrx_word' id='word_1_155' title='bbox 860 1961 984 2035; x_wconf 88' lang='lat' dir='ltr'>nescias,</span> <span class='ocrx_word' id='word_1_156' title='bbox 1006 1974 1106 2023; x_wconf 89' lang='lat' dir='ltr'>utrum</span> <span class='ocrx_word' id='word_1_157' title='bbox 1125 1984 1172 2025; x_wconf 91' lang='lat' dir='ltr'>res</span> 
     </span>
     <span class='ocr_line' id='line_1_19' title="bbox 165 2058 1173 2138; baseline 0.001 -17"><span class='ocrx_word' id='word_1_158' title='bbox 165 2060 300 2122; x_wconf 90' lang='lat' dir='ltr'>oratione</span> <span class='ocrx_word' id='word_1_159' title='bbox 321 2080 361 2121; x_wconf 90' lang='lat' dir='ltr'>an</span> <span class='ocrx_word' id='word_1_160' title='bbox 386 2061 477 2121; x_wconf 89' lang='lat' dir='ltr'>verba</span> <span class='ocrx_word' id='word_1_161' title='bbox 501 2059 657 2120; x_wconf 89' lang='lat' dir='ltr'>sententiis</span> <span class='ocrx_word' id='word_1_162' title='bbox 678 2059 889 2120; x_wconf 90' lang='lat' dir='ltr'>inlustrentur:</span> <span class='ocrx_word' id='word_1_163' title='bbox 919 2058 1004 2138; x_wconf 83' lang='lat' dir='ltr'>atqui</span> <span class='ocrx_word' id='word_1_164' title='bbox 1026 2081 1065 2121; x_wconf 90' lang='lat' dir='ltr'>ne</span> <span class='ocrx_word' id='word_1_165' title='bbox 1089 2062 1173 2123; x_wconf 90' lang='lat' dir='ltr'>hunc</span> 
     </span>
     <span class='ocr_line' id='line_1_20' title="bbox 165 2150 1172 2236; baseline 0.002 -19"><span class='ocrx_word' id='word_1_166' title='bbox 165 2157 297 2235; x_wconf 91' lang='lat' dir='ltr'>quidem,</span> <span class='ocrx_word' id='word_1_167' title='bbox 313 2177 498 2236; x_wconf 87' lang='lat' dir='ltr'>quamquam</span> <span class='ocrx_word' id='word_1_168' title='bbox 515 2168 561 2218; x_wconf 88' lang='lat' dir='ltr'>est</span> <span class='ocrx_word' id='word_1_169' title='bbox 577 2150 613 2217; x_wconf 62' lang='lat' dir='ltr'>in&#39;</span> <span class='ocrx_word' id='word_1_170' title='bbox 631 2177 662 2218; x_wconf 91' lang='lat' dir='ltr'>re</span> <span class='ocrx_word' id='word_1_171' title='bbox 681 2156 803 2235; x_wconf 89' lang='lat' dir='ltr'>publica</span> <span class='ocrx_word' id='word_1_172' title='bbox 823 2168 964 2230; x_wconf 87' lang='lat' dir='ltr'>versatus,</span> <span class='ocrx_word' id='word_1_173' title='bbox 988 2178 1026 2218; x_wconf 91' lang='lat' dir='ltr'>ex</span> <span class='ocrx_word' id='word_1_174' title='bbox 1045 2179 1172 2220; x_wconf 92' lang='lat' dir='ltr'>numero</span> 
     </span>
     <span class='ocr_line' id='line_1_21' title="bbox 163 2252 1217 2334; baseline 0.001 -20"><span class='ocrx_word' id='word_1_175' title='bbox 163 2255 335 2333; x_wconf 91' lang='lat' dir='ltr'>accepimus</span> <span class='ocrx_word' id='word_1_176' title='bbox 349 2275 462 2328; x_wconf 91' lang='lat' dir='ltr'>eorum,</span> <span class='ocrx_word' id='word_1_177' title='bbox 475 2253 527 2332; x_wconf 90' lang='lat' dir='ltr'>qui</span> <span class='ocrx_word' id='word_1_178' title='bbox 542 2274 646 2314; x_wconf 85' lang='lat' dir='ltr'>causas</span> <span class='ocrx_word' id='word_1_179' title='bbox 655 2252 829 2316; x_wconf 89' lang='lat' dir='ltr'>dictitarunt</span> <span class='ocrx_word' id='word_1_180' title='bbox 841 2276 850 2329; x_wconf 81' lang='lat'>3</span> <span class='ocrx_word' id='word_1_181' title='bbox 870 2266 901 2315; x_wconf 91' lang='lat' dir='ltr'>et</span> <span class='ocrx_word' id='word_1_182' title='bbox 915 2256 971 2315; x_wconf 94' lang='lat' dir='ltr'>hos</span> <span class='ocrx_word' id='word_1_183' title='bbox 986 2255 1067 2334; x_wconf 91' lang='lat' dir='ltr'>ipsos</span> <span class='ocrx_word' id='word_1_184' title='bbox 1078 2255 1171 2317; x_wconf 88' lang='lat' dir='ltr'>libros</span> <span class='ocrx_word' id='word_1_185' title='bbox 1185 2280 1217 2316; x_wconf 68' lang='grc' dir='ltr'>ιο</span> 
     </span>
     <span class='ocr_line' id='line_1_22' title="bbox 163 2351 1170 2435; baseline 0.003 -23"><span class='ocrx_word' id='word_1_186' title='bbox 163 2363 227 2412; x_wconf 93' lang='lat' dir='ltr'>tum</span> <span class='ocrx_word' id='word_1_187' title='bbox 243 2352 400 2435; x_wconf 87' lang='lat' dir='ltr'>scripsisse</span> <span class='ocrx_word' id='word_1_188' title='bbox 418 2351 535 2425; x_wconf 90' lang='lat' dir='ltr'>dicitur,</span> <span class='ocrx_word' id='word_1_189' title='bbox 551 2372 621 2413; x_wconf 91' lang='lat' dir='ltr'>cum</span> <span class='ocrx_word' id='word_1_190' title='bbox 638 2373 657 2412; x_wconf 89' lang='lat' dir='ltr'>a</span> <span class='ocrx_word' id='word_1_191' title='bbox 678 2372 710 2412; x_wconf 91' lang='lat' dir='ltr'>re</span> <span class='ocrx_word' id='word_1_192' title='bbox 729 2351 851 2431; x_wconf 86' lang='lat' dir='ltr'>publica</span> <span class='ocrx_word' id='word_1_193' title='bbox 870 2363 1003 2412; x_wconf 91' lang='lat' dir='ltr'>remotus</span> <span class='ocrx_word' id='word_1_194' title='bbox 1022 2364 1122 2431; x_wconf 90' lang='lat' dir='ltr'>atque,</span> <span class='ocrx_word' id='word_1_195' title='bbox 1138 2353 1170 2415; x_wconf 93' lang='lat' dir='ltr'>id</span> 
     </span>
     <span class='ocr_line' id='line_1_23' title="bbox 163 2449 1170 2529; baseline 0.003 -20"><span class='ocrx_word' id='word_1_196' title='bbox 163 2452 246 2527; x_wconf 92' lang='lat' dir='ltr'>quod</span> <span class='ocrx_word' id='word_1_197' title='bbox 281 2449 398 2529; x_wconf 92' lang='lat' dir='ltr'>optimo</span> <span class='ocrx_word' id='word_1_198' title='bbox 432 2449 542 2527; x_wconf 91' lang='lat' dir='ltr'>cuique</span> <span class='ocrx_word' id='word_1_199' title='bbox 571 2449 700 2511; x_wconf 89' lang='lat' dir='ltr'>Athenis</span> <span class='ocrx_word' id='word_1_200' title='bbox 731 2449 868 2511; x_wconf 89' lang='lat' dir='ltr'>accidere</span> <span class='ocrx_word' id='word_1_201' title='bbox 898 2449 1021 2511; x_wconf 90' lang='lat' dir='ltr'>solitum</span> <span class='ocrx_word' id='word_1_202' title='bbox 1050 2463 1103 2525; x_wconf 80' lang='lat' dir='ltr'>est,</span> <span class='ocrx_word' id='word_1_203' title='bbox 1137 2451 1170 2512; x_wconf 93' lang='lat' dir='ltr'>in</span> 
     </span>
     <span class='ocr_line' id='line_1_24' title="bbox 116 2547 1170 2627; baseline 0.002 -19"><span class='ocrx_word' id='word_1_204' title='bbox 116 2564 148 2619; x_wconf 81' lang='lat'>57</span> <span class='ocrx_word' id='word_1_205' title='bbox 162 2547 298 2608; x_wconf 86' lang='lat' dir='ltr'>exsilium</span> <span class='ocrx_word' id='word_1_206' title='bbox 327 2551 430 2627; x_wconf 91' lang='lat' dir='ltr'>pulsus</span> <span class='ocrx_word' id='word_1_207' title='bbox 459 2558 537 2609; x_wconf 91' lang='lat' dir='ltr'>esset</span> <span class='ocrx_word' id='word_1_208' title='bbox 548 2569 557 2622; x_wconf 92' lang='lat'>;</span> <span class='ocrx_word' id='word_1_209' title='bbox 598 2549 680 2608; x_wconf 89' lang='lat' dir='ltr'>hunc</span> <span class='ocrx_word' id='word_1_210' title='bbox 710 2560 891 2608; x_wconf 90' lang='lat' dir='ltr'>consecutus</span> <span class='ocrx_word' id='word_1_211' title='bbox 923 2559 968 2609; x_wconf 94' lang='lat' dir='ltr'>est</span> <span class='ocrx_word' id='word_1_212' title='bbox 996 2549 1170 2625; x_wconf 90' lang='lat' dir='ltr'>Syracosius</span> 
     </span>
     <span class='ocr_line' id='line_1_25' title="bbox 123 2645 1167 2725; baseline 0.004 -20"><span class='ocrx_word' id='word_1_213' title='bbox 123 2717 125 2723; x_wconf 93' lang='lat'><em>.</em></span> <span class='ocrx_word' id='word_1_214' title='bbox 162 2645 311 2720; x_wconf 93' lang='lat' dir='ltr'>Philistus,</span> <span class='ocrx_word' id='word_1_215' title='bbox 336 2646 396 2725; x_wconf 87' lang='lat' dir='ltr'>qui,</span> <span class='ocrx_word' id='word_1_216' title='bbox 420 2665 491 2707; x_wconf 93' lang='lat' dir='ltr'>cum</span> <span class='ocrx_word' id='word_1_217' title='bbox 515 2645 642 2723; x_wconf 91' lang='lat' dir='ltr'>Dionysi</span> <span class='ocrx_word' id='word_1_218' title='bbox 665 2645 781 2723; x_wconf 90' lang='lat' dir='ltr'>tyranni</span> <span class='ocrx_word' id='word_1_219' title='bbox 805 2645 1052 2707; x_wconf 81' lang='lat' dir='ltr'>familiarissimus</span> <span class='ocrx_word' id='word_1_220' title='bbox 1080 2660 1167 2722; x_wconf 86' lang='lat' dir='ltr'>esset,</span> 
     </span>
     <span class='ocr_line' id='line_1_26' title="bbox 161 2742 1213 2824; baseline -0.002 -19"><span class='ocrx_word' id='word_1_221' title='bbox 161 2743 257 2805; x_wconf 89' lang='lat' dir='ltr'>otium</span> <span class='ocrx_word' id='word_1_222' title='bbox 280 2763 368 2804; x_wconf 93' lang='lat' dir='ltr'>suum</span> <span class='ocrx_word' id='word_1_223' title='bbox 389 2743 577 2821; x_wconf 91' lang='lat' dir='ltr'>consumpsit</span> <span class='ocrx_word' id='word_1_224' title='bbox 599 2743 631 2804; x_wconf 94' lang='lat' dir='ltr'>in</span> <span class='ocrx_word' id='word_1_225' title='bbox 652 2742 776 2804; x_wconf 90' lang='lat' dir='ltr'>historia</span> <span class='ocrx_word' id='word_1_226' title='bbox 797 2744 957 2805; x_wconf 89' lang='lat' dir='ltr'>scribenda</span> <span class='ocrx_word' id='word_1_227' title='bbox 977 2744 1168 2824; x_wconf 83' lang='lat' dir='ltr'>maximeque</span> <span class='ocrx_word' id='word_1_228' title='bbox 1183 2769 1213 2820; x_wconf 81' lang='lat'>25</span> 
     </span>
     <span class='ocr_line' id='line_1_27' title="bbox 159 2840 1168 2920; baseline 0.001 -18"><span class='ocrx_word' id='word_1_229' title='bbox 159 2842 371 2920; x_wconf 90' lang='lat' dir='ltr'>Thucydidem</span> <span class='ocrx_word' id='word_1_230' title='bbox 387 2853 440 2916; x_wconf 89' lang='lat' dir='ltr'>est,</span> <span class='ocrx_word' id='word_1_231' title='bbox 457 2852 491 2902; x_wconf 94' lang='lat' dir='ltr'>ut</span> <span class='ocrx_word' id='word_1_232' title='bbox 505 2840 579 2901; x_wconf 91' lang='lat' dir='ltr'>mihi</span> <span class='ocrx_word' id='word_1_233' title='bbox 593 2840 718 2913; x_wconf 82' lang='lat' dir='ltr'>videtur,</span> <span class='ocrx_word' id='word_1_234' title='bbox 735 2840 876 2902; x_wconf 89' lang='lat' dir='ltr'>imitatus.</span> <span class='ocrx_word' id='word_1_235' title='bbox 922 2845 1032 2903; x_wconf 90' lang='lat' dir='ltr'>Postea</span> <span class='ocrx_word' id='word_1_236' title='bbox 1045 2863 1115 2903; x_wconf 87' lang='lat' dir='ltr'>vero</span> <span class='ocrx_word' id='word_1_237' title='bbox 1130 2863 1168 2903; x_wconf 91' lang='lat' dir='ltr'>ex</span> 
     </span>
     <span class='ocr_line' id='line_1_28' title="bbox 160 2939 1163 3018; baseline 0.001 -18"><span class='ocrx_word' id='word_1_238' title='bbox 160 2939 324 3001; x_wconf 89' lang='lat' dir='ltr'>clarissima</span> <span class='ocrx_word' id='word_1_239' title='bbox 347 2939 433 3018; x_wconf 90' lang='lat' dir='ltr'>quasi</span> <span class='ocrx_word' id='word_1_240' title='bbox 454 2939 580 3001; x_wconf 88' lang='lat' dir='ltr'>rhetoris</span> <span class='ocrx_word' id='word_1_241' title='bbox 601 2939 721 3000; x_wconf 89' lang='lat' dir='ltr'>officina</span> <span class='ocrx_word' id='word_1_242' title='bbox 741 2941 804 3001; x_wconf 91' lang='lat' dir='ltr'>duo</span> <span class='ocrx_word' id='word_1_243' title='bbox 826 2952 1011 3018; x_wconf 88' lang='lat' dir='ltr'>praestantes</span> <span class='ocrx_word' id='word_1_244' title='bbox 1034 2940 1163 3018; x_wconf 87' lang='lat' dir='ltr'>ingenio,</span> 
     </span>
     <span class='ocr_line' id='line_1_29' title="bbox 159 3038 1166 3118; baseline 0.003 -20"><span class='ocrx_word' id='word_1_245' title='bbox 159 3041 376 3118; x_wconf 90' lang='lat' dir='ltr'>Theopompus</span> <span class='ocrx_word' id='word_1_246' title='bbox 391 3050 421 3100; x_wconf 90' lang='lat' dir='ltr'>et</span> <span class='ocrx_word' id='word_1_247' title='bbox 436 3040 576 3117; x_wconf 87' lang='lat' dir='ltr'>Ephorus</span> <span class='ocrx_word' id='word_1_248' title='bbox 590 3041 629 3100; x_wconf 91' lang='lat' dir='ltr'>ab</span> <span class='ocrx_word' id='word_1_249' title='bbox 642 3041 774 3100; x_wconf 91' lang='lat' dir='ltr'>Isocrate</span> <span class='ocrx_word' id='word_1_250' title='bbox 789 3039 930 3117; x_wconf 87' lang='lat' dir='ltr'>magistro</span> <span class='ocrx_word' id='word_1_251' title='bbox 944 3038 1065 3117; x_wconf 91' lang='lat' dir='ltr'>impulsi</span> <span class='ocrx_word' id='word_1_252' title='bbox 1079 3059 1112 3100; x_wconf 89' lang='lat' dir='ltr'>se</span> <span class='ocrx_word' id='word_1_253' title='bbox 1125 3041 1166 3101; x_wconf 92' lang='lat' dir='ltr'>ad</span> 
     </span>
     <span class='ocr_line' id='line_1_30' title="bbox 158 3136 1163 3215; baseline 0.001 -18"><span class='ocrx_word' id='word_1_254' title='bbox 158 3136 312 3198; x_wconf 91' lang='lat' dir='ltr'>historiam</span> <span class='ocrx_word' id='word_1_255' title='bbox 328 3138 536 3210; x_wconf 89' lang='lat' dir='ltr'>contulerunt;</span> <span class='ocrx_word' id='word_1_256' title='bbox 557 3156 662 3197; x_wconf 86' lang='lat' dir='ltr'>causas</span> <span class='ocrx_word' id='word_1_257' title='bbox 673 3136 799 3198; x_wconf 91' lang='lat' dir='ltr'>omnino</span> <span class='ocrx_word' id='word_1_258' title='bbox 814 3157 980 3214; x_wconf 90' lang='lat' dir='ltr'>numquam</span> <span class='ocrx_word' id='word_1_259' title='bbox 994 3136 1163 3215; x_wconf 86' lang='lat' dir='ltr'>attigerunt.</span> 
     </span>
     <span class='ocr_line' id='line_1_31' title="bbox 110 3197 1212 3339; baseline -0.003 -44"><span class='ocrx_word' id='word_1_260' title='bbox 110 3197 145 3339; x_wconf 50' lang='lat' dir='ltr'>{g</span> <span class='ocrx_word' id='word_1_261' title='bbox 159 3235 299 3314; x_wconf 91' lang='lat' dir='ltr'>Denique</span> <span class='ocrx_word' id='word_1_262' title='bbox 313 3233 404 3296; x_wconf 87' lang='lat' dir='ltr'>etiam</span> <span class='ocrx_word' id='word_1_263' title='bbox 417 3253 439 3294; x_wconf 57' lang='lat' dir='ltr'>a&gt;</span> <span class='ocrx_word' id='word_1_264' title='bbox 453 3232 644 3313; x_wconf 90' lang='lat' dir='ltr'>philosophia</span> <span class='ocrx_word' id='word_1_265' title='bbox 660 3236 811 3313; x_wconf 89' lang='lat' dir='ltr'>profectus</span> <span class='ocrx_word' id='word_1_266' title='bbox 828 3234 967 3313; x_wconf 90' lang='lat' dir='ltr'>princeps</span> <span class='ocrx_word' id='word_1_267' title='bbox 981 3236 1163 3313; x_wconf 90' lang='lat' dir='ltr'>Xenophon,</span> <span class='ocrx_word' id='word_1_268' title='bbox 1179 3255 1212 3303; x_wconf 73' lang='lat'>30</span> 
     </span>
     <span class='ocr_line' id='line_1_32' title="bbox 158 3330 1164 3410; baseline 0 -16"><span class='ocrx_word' id='word_1_269' title='bbox 158 3332 326 3394; x_wconf 91' lang='lat' dir='ltr'>Socraticus</span> <span class='ocrx_word' id='word_1_270' title='bbox 361 3331 419 3405; x_wconf 91' lang='lat' dir='ltr'>ille,</span> <span class='ocrx_word' id='word_1_271' title='bbox 451 3341 521 3410; x_wconf 93' lang='lat' dir='ltr'>post</span> <span class='ocrx_word' id='word_1_272' title='bbox 554 3332 593 3391; x_wconf 87' lang='lat' dir='ltr'>ab</span> <span class='ocrx_word' id='word_1_273' title='bbox 624 3330 784 3392; x_wconf 87' lang='lat' dir='ltr'>Aristotele</span> <span class='ocrx_word' id='word_1_274' title='bbox 816 3331 1024 3405; x_wconf 88' lang='lat' dir='ltr'>Callisthenes,</span> <span class='ocrx_word' id='word_1_275' title='bbox 1061 3352 1164 3394; x_wconf 91' lang='lat' dir='ltr'>comes</span> 
     </span>
    </p>
   </div>
   <div class='ocr_carea' id='block_1_3' title="bbox 155 3488 1163 3682">
    <p class='ocr_par' dir='ltr' id='par_1_3' title="bbox 155 3488 1163 3682">
     <span class='ocr_line' id='line_1_33' title="bbox 189 3488 1163 3553; baseline 0.002 -16"><span class='ocrx_word' id='word_1_276' title='bbox 189 3489 222 3537; x_wconf 88' lang='lat' dir='ltr'><em>M</em></span> <span class='ocrx_word' id='word_1_277' title='bbox 233 3512 253 3528; x_wconf 95' lang='lat'><em>=</em></span> <span class='ocrx_word' id='word_1_278' title='bbox 266 3488 320 3537; x_wconf 85' lang='lat' dir='ltr'>HE</span> <span class='ocrx_word' id='word_1_279' title='bbox 418 3503 430 3536; x_wconf 93' lang='lat'>1</span> <span class='ocrx_word' id='word_1_280' title='bbox 449 3489 550 3551; x_wconf 83' lang='lat' dir='ltr'>aequali</span> <span class='ocrx_word' id='word_1_281' title='bbox 567 3489 601 3537; x_wconf 88' lang='lat' dir='ltr'><em>M</em></span> <span class='ocrx_word' id='word_1_282' title='bbox 683 3505 700 3552; x_wconf 89' lang='lat'><strong>9</strong></span> <span class='ocrx_word' id='word_1_283' title='bbox 716 3489 829 3538; x_wconf 79' lang='lat' dir='ltr'>maxime</span> <span class='ocrx_word' id='word_1_284' title='bbox 846 3505 898 3538; x_wconf 89' lang='lat' dir='ltr'>om.</span> <span class='ocrx_word' id='word_1_285' title='bbox 917 3489 950 3538; x_wconf 89' lang='lat' dir='ltr'><em>M</em></span> <span class='ocrx_word' id='word_1_286' title='bbox 1034 3492 1065 3537; x_wconf 88' lang='lat'>16</span> <span class='ocrx_word' id='word_1_287' title='bbox 1082 3505 1163 3553; x_wconf 80' lang='lat' dir='ltr'>prope</span> 
     </span>
     <span class='ocr_line' id='line_1_34' title="bbox 155 3554 1162 3607; baseline 0.004 -5"><span class='ocrx_word' id='word_1_288' title='bbox 155 3569 263 3603; x_wconf 87' lang='lat' dir='ltr'>numero</span> <span class='ocrx_word' id='word_1_289' title='bbox 275 3554 308 3602; x_wconf 89' lang='lat' dir='ltr'><em>M</em></span> <span class='ocrx_word' id='word_1_290' title='bbox 378 3570 411 3603; x_wconf 79' lang='lat' dir='ltr'>ao</span> <span class='ocrx_word' id='word_1_291' title='bbox 428 3554 578 3603; x_wconf 83' lang='lat' dir='ltr'>dictitamnt</span> <span class='ocrx_word' id='word_1_292' title='bbox 592 3554 638 3604; x_wconf 87' lang='lat' dir='ltr'>M:</span> <span class='ocrx_word' id='word_1_293' title='bbox 655 3555 803 3605; x_wconf 85' lang='lat' dir='ltr'>dictitarent</span> <span class='ocrx_word' id='word_1_294' title='bbox 815 3554 847 3603; x_wconf 81' lang='lat' dir='ltr'><em>M</em></span> <span class='ocrx_word' id='word_1_295' title='bbox 854 3572 859 3605; x_wconf 92' lang='lat'><strong>:</strong></span> <span class='ocrx_word' id='word_1_296' title='bbox 878 3554 1055 3606; x_wconf 85' lang='lat' dir='ltr'>dictitarintL</span> <span class='ocrx_word' id='word_1_297' title='bbox 1128 3569 1162 3607; x_wconf 77' lang='lat'>22</span> 
     </span>
     <span class='ocr_line' id='line_1_35' title="bbox 156 3619 665 3682; baseline 0 -13"><span class='ocrx_word' id='word_1_298' title='bbox 156 3628 224 3669; x_wconf 87' lang='lat' dir='ltr'>esset</span> <span class='ocrx_word' id='word_1_299' title='bbox 237 3621 268 3666; x_wconf 93' lang='lat' dir='ltr'><em>M</em></span> <span class='ocrx_word' id='word_1_300' title='bbox 365 3635 397 3682; x_wconf 77' lang='lat'>²⁷</span> <span class='ocrx_word' id='word_1_301' title='bbox 416 3620 545 3669; x_wconf 89' lang='lat' dir='ltr'>rhetorum</span> <span class='ocrx_word' id='word_1_302' title='bbox 558 3619 665 3669; x_wconf 83' lang='lat' dir='ltr'>Mueller</span> 
     </span>
    </p>
   </div>
   <div class='ocr_carea' id='block_1_4' title="bbox 0 0 1328 4216">
    <p class='ocr_par' dir='ltr' id='par_1_4' title="bbox 0 0 1328 4216">
     <span class='ocr_line' id='line_1_36' title="bbox 0 0 1328 4216; baseline 0 7"><span class='ocrx_word' id='word_1_303' title='bbox 0 0 1328 4216; x_wconf 95' lang='lat' dir='ltr'> </span> 
     </span>
    </p>
   </div>
  </div>
 </body>
</html>
