2626 4214
476 271 535 328 DE
557 269 764 330 ORATORE
807 270 824 329 1
1151 283 1202 343 27

134 441 206 502 belli
223 442 316 502 duces
337 460 374 501 ex
394 441 451 500 hac
472 459 533 500 una
553 439 672 500 civitate
692 437 961 516 praestantissimos
980 457 1077 516 paene
1097 435 1141 498 in·

133 537 336 610 numerabilis,
348 536 380 597 in
391 538 523 598 dicendo
532 548 633 598 autem
644 536 815 598 excellentis
825 536 874 596 vix
887 556 999 613 paucos
1009 538 1140 613 proferre

132 634 307 712 possimus?
348 637 415 694 Iam
438 654 510 694 vero
534 632 661 694 consilio
684 653 720 694 ac
744 633 889 710 sapientia
909 634 961 712 qui
981 653 1082 712 regere
1101 645 1169 696 ac8

132 732 299 808 gubernare
312 752 376 790 rem
390 731 542 808 publicam
556 730 681 807 possint,
693 730 779 790 multi
789 742 898 804 nostra,
910 734 1010 808 plures
1019 743 1137 809 patrum

101 844 118 893 5
133 828 279 889 memoria
292 840 384 905 atque
397 827 487 888 etiam
502 827 648 888 maiorum
663 827 845 901 exstiterunt,
860 848 930 888 cum
945 829 1018 889 boni
1031 828 1137 906 perdiu

133 925 217 998 nulli,
230 925 279 986 vix
291 937 393 986 autem
407 925 531 1002 singulis
544 925 692 985 aetatibus
706 925 813 1002 singuli
827 924 997 987 tolerabiles
1007 938 1138 987 oratores

132 1021 343 1083 invenirentur.
387 1025 434 1083 Ac
448 1023 553 1101 nequi
567 1025 643 1083 forte
657 1042 726 1083 curn
740 1022 805 1083 aliis
820 1023 934 1096 studiis,
946 1043 1024 1102 quae
1038 1042 1140 1084 recon-

131 1121 203 1182 ditis
227 1121 258 1181 in
282 1120 396 1181 artibus
416 1131 507 1197 atque
527 1119 559 1178 in
580 1121 711 1197 quadam
730 1119 871 1180 varietate
891 1119 1054 1180 litterarum
1075 1140 1138 1180 ver-

131 1230 243 1291 sentur,
259 1217 353 1295 magis
367 1219 446 1277 hanc
459 1216 581 1278 dicendi
595 1215 750 1289 rationem,
762 1236 853 1294 quam
868 1236 937 1277 cum
951 1216 1137 1295 imperatoris

85 1340 119 1377 10
131 1316 222 1375 laude
235 1325 288 1375 aut
301 1335 371 1375 cum
386 1313 459 1374 boni
473 1313 617 1374 senatoris
631 1313 790 1391 prudentia
800 1317 1033 1392 comparandam
1043 1327 1137 1392 putet,

131 1422 285 1471 convertat
304 1410 441 1471 animum
461 1413 500 1470 ad
517 1431 554 1470 ea
571 1410 637 1487 ipsa
655 1410 763 1471 artium
780 1430 889 1488 genera
908 1411 1137 1490 circumspiciat-

130 1527 200 1585 que‚
215 1508 313 1587 quiin
334 1508 378 1569 eis
392 1508 544 1569 floruerint
563 1527 715 1586 quamque
732 1508 817 1568 multi
836 1509 895 1569 sint
899 1531 909 1584 ,·
930 1509 973 1569 sic
987 1510 1135 1583 facillime,

130 1617 245 1681 quanta
268 1616 419 1666 oratorum
443 1604 481 1665 sit
505 1617 536 1665 et
559 1625 677 1682 semper
700 1605 787 1665 fuerit
814 1605 956 1682 paucitas,
982 1606 1170 1718 iudicabit3

131 1704 242 1778 Neque
263 1701 345 1762 enim
365 1714 396 1763 te
416 1701 490 1780 fugit
511 1701 647 1762 omnium
669 1704 855 1762 laudatarum
875 1703 983 1763 artium
1003 1724 1166 1800 procrea-9

81 1816 116 1867 15
130 1798 237 1859 tricem
257 1802 410 1878 quandam
429 1811 460 1860 et
478 1799 564 1876 quasi
583 1811 736 1876 parentem
756 1821 831 1873 eam,
847 1821 938 1878 quam
960 1805 1138 1880 φιλοσοφίαν

129 1896 239 1956 Graeci
258 1907 376 1970 vocant,
398 1897 438 1957 ab
459 1896 633 1957 bominibus
653 1896 833 1958 doctissimis
854 1898 978 1959 iudicari
988 1921 997 1973 3
1023 1899 1054 1960 in
1075 1919 1137 1978 qua

129 1992 251 2054 difficile
268 2005 313 2054 est
332 2014 507 2054 enumerare
525 2006 601 2071 quot
618 1993 672 2054 viri
691 2006 803 2072 quanta
822 1995 946 2056 scientia
964 2008 1136 2074 quantaque

128 2089 162 2149 in
177 2090 238 2151 suis
252 2090 359 2152 studiis
372 2091 513 2152 varietate
530 2103 560 2152 et
577 2090 665 2168 copia
678 2091 794 2166 fuerint,
810 2092 862 2169 qui
881 2113 943 2153 non
958 2114 1019 2154 una
1035 2095 1136 2171 aliqua

128 2186 162 2246 in
176 2207 209 2247 re
222 2188 381 2265 separatim
395 2188 584 2262 elaborarint,
596 2190 650 2249 sed
661 2188 771 2262 omnia,
783 2208 992 2268 quaecumque
1002 2203 1134 2270 possent,

79 2305 116 2341 ιο
128 2286 178 2344 vel
196 2284 339 2346 scientiae
354 2286 603 2364 pervestigatione
618 2289 666 2346 vel
684 2286 850 2348 disserendi
870 2288 985 2350 ratione
1003 2309 1137 2368 compre·

126 2380 295 2442 henderint
352 2383 430 2458 Quis
457 2382 581 2461 ignorat,
611 2381 647 2456 ei,
673 2381 725 2460 qui
753 2385 956 2446 mathematici
979 2398 1132 2461 vocantur,
1151 2405 1181 2441 10

126 2490 242 2555 quanta
258 2478 291 2539 in
311 2479 494 2540 obscuritate
513 2499 611 2541 rerum
632 2491 663 2540 et
682 2499 774 2558 quam
794 2482 949 2543 recondita
968 2482 1001 2542 in
1020 2496 1083 2544 arte
1103 2495 1133 2544 et

127 2574 286 2652 multiplici
307 2576 470 2653 subtilique
487 2579 665 2637 versentur?
706 2578 777 2653 Quo
796 2589 897 2639 tamen
913 2579 945 2640 in
965 2600 1073 2658 genere
1091 2581 1133 2642 ita

126 2672 215 2732 multi
235 2673 358 2750 perlecti
379 2674 518 2735 homines
537 2674 719 2748 exstiterunt,
739 2686 772 2734 ut
792 2695 883 2736 nemo
902 2679 963 2737 fere
983 2677 1133 2739 studuisse

78 2789 111 2838 ²5
126 2767 156 2828 ei
177 2767 319 2831 scientiae
336 2770 544 2832 vehementius
562 2771 705 2845 videatur,
723 2771 797 2849 quin
813 2775 897 2849 quod
916 2774 1042 2835 voluerit
1062 2797 1133 2836 con÷

126 2877 248 2926 secutus
262 2867 307 2927 sit.
345 2869 422 2944 Quis
436 2867 566 2943 musicis,
582 2869 650 2946 quis
664 2868 735 2929 huic
748 2869 849 2931 studio
862 2870 1033 2946 litterarum,
1048 2876 1132 2950 quod

125 2964 303 3039 profitentur
322 2964 359 3038 ei,
383 2965 436 3043 qui
459 2965 643 3043 grammatici
663 2978 815 3041 vocantur,
838 2967 957 3044 penitus
981 2989 1014 3029 se
1038 2971 1130 3045 dedit,

125 3058 201 3137 quin
211 3080 335 3122 omnem
348 3061 466 3123 illarum
476 3062 584 3123 artium
595 3082 691 3139 paene
705 3063 851 3124 infinitam
862 3065 923 3124 vim
934 3078 963 3126 et
977 3068 1131 3129 materiem

124 3155 251 3217 scientia
277 3169 308 3218 et
335 3159 507 3237 cognitione
534 3161 817 3238 comprehenderit?
863 3164 942 3222 Vere
969 3163 1043 3224 mihi
1071 3167 1130 3226 boc
1146 3187 1173 3222 rr

73 3271 111 3321 30
123 3252 230 3314 videor
247 3274 314 3315 esse
332 3255 474 3330 dicturus,
495 3277 532 3318 ex
549 3257 691 3318 omnibus
710 3257 761 3331 eis,
777 3258 829 3335 qui
847 3258 879 3318 in
896 3261 1002 3320 harum
1021 3261 1130 3322 artium

124 3349 339 3413 liberalissimis
369 3354 476 3415 studiis
508 3355 567 3415 sint
594 3355 799 3433 doctrinisque
829 3357 945 3432 versati,
974 3357 1129 3426 minimam

123 3448 245 3526 copiam
263 3463 420 3528 poetarum
438 3460 468 3511 et
482 3461 633 3512 oratomm
652 3453 837 3530 egregiorum
855 3454 1018 3547 exstitisse:
1038 3467 1130 3534 atque

157 3585 279 3637 M=HE
366 3597 390 3649 ’4
407 3596 515 3651 possent
526 3587 549 3636 L
562 3605 615 3638 mc.
722 3591 738 3638 8
754 3592 864 3652 quadam
876 3592 963 3655 vulg:
978 3575 1077 3655 'aliqua
1085 3592 1129 3654 Μ’

125 3651 371 3702 ratlomeruntEm
438 3657 470 3703 ¹6
480 3654 638 3715 hominibus]
647 3655 839 3705 omnibusrodd.
866 3667 869 3671 ’
907 3673 937 3718 17
955 3659 1130 3709 numerareM

123 3733 157 3780 ²⁹
172 3717 296 3768 scientiae
307 3718 505 3781 cogitauoneu
567 3735 600 3779 32
616 3728 643 3769 et
654 3727 784 3770 oratorum
806 3719 961 3772 adaHense
1000 3788 1029 3836 ¹.
