2648 4216
420 248 479 310 na
500 249 708 312 orarosu
750 251 802 310 111
1123 265 1201 328 1350

105 415 229 489 attendi,
255 414 396 494 intellego
407 437 416 492 ς
445 415 487 476 ita
513 417 639 478 confusa
665 426 711 477 est
737 416 840 491 oratio,
867 416 909 478 ita
932 418 1109 497 perturbata,

105 511 180 573 nihil
194 524 228 574 ut
245 513 283 574 sit
300 513 439 592 primum,
454 512 529 574 nihil
549 525 583 575 ut
603 516 779 589 secundum,
796 526 938 594 tantaque
955 516 1113 578 insolentia

105 631 140 671 ac
162 611 249 672 turba
269 613 436 687 verborum,
459 623 492 675 ut
512 611 615 686 oratio,
638 632 716 691 quae
736 615 839 675 lumen
859 613 1003 676 adhibere
1023 615 1112 676 rebus

104 710 205 783 debet,
221 729 258 770 ea
271 709 484 772 obscuritatem
498 722 528 772 et
544 711 682 772 tenebras
699 712 812 772 adferat
826 722 916 790 atque
930 722 964 772 ut
978 714 1111 790 quodam

76 828 91 879 5
106 808 200 868 modo
213 806 271 887 ipsi
285 807 342 869 sibi
356 807 387 868 in
404 808 536 870 dicendo
554 809 727 888 obstrepere
740 808 904 870 videantur.
948 811 1070 884 Verum,
1086 809 1111 870 si
1125 830 1155 882 51

105 906 211 984 placet,
227 905 371 982 quoniam
385 907 460 967 haec
474 906 544 967 satis
564 926 651 985 spero
664 906 751 968 vobis
765 906 888 985 quidem
903 918 982 968 certe
997 907 1112 968 maiori-

106 1002 162 1062 bus
177 1005 303 1064 molesta
316 1015 346 1065 et
364 1003 471 1080 putida
484 1003 585 1077 videri,
600 1006 641 1065 ad
659 1004 774 1083 reliqua
791 1004 946 1082 aliquanto
961 1005 1111 1066 odiosiora

104 1101 280 1177 pergamus!
324 1100 434 1179 ‘Atqui
452 1100 552 1162 vides’
567 1101 664 1180 inquit
677 1102 829 1163 Antonius
846 1108 953 1180 ‘quarn
974 1102 1046 1164 alias
1064 1123 1111 1164 res
1124 1123 1158 1183 14

103 1216 227 1274 agamus
242 1193 346 1278 [quam
368 1209 398 1259 te
418 1197 502 1259 inviti
520 1197 699 1282 audiamus]‚
716 1200 768 1278 qui
788 1200 899 1261 adduci
920 1200 1111 1279 possimus—

61 1295 144 1355 rode
159 1314 208 1355 me
222 1295 302 1354 enim
314 1295 581 1357 conicio—relictis
595 1307 628 1357 ut
642 1299 730 1358 rebus
745 1297 886 1358 omnibus
900 1309 930 1358 te
944 1308 1110 1374 sectemu13

105 1387 149 1473 [te
163 1389 334 1473 audiamus]
349 1392 390 1452 ita
404 1394 444 1454 de
460 1393 587 1453 horridis
604 1396 692 1455 rebus
712 1393 814 1469 nitida,
831 1396 870 1456 de
889 1394 995 1455 ieiunis
1010 1397 1106 1471 plena,

102 1491 143 1549 de
157 1489 335 1567 pervulgatis
349 1510 428 1550 nova
442 1492 590 1569 quaedam
599 1503 644 1552 est
656 1492 749 1553 oratio
764 1495 833 1552 tua'
865 1492 999 1553 ‘Faciles
1009 1492 1108 1565 enim,’
1122 1511 1153 1562 5²

102 1585 201 1664 inquit
217 1587 355 1660 ‘Antoni
378 1599 475 1666 partes
498 1609 551 1650 eae
575 1591 693 1649 fuerunt
717 1591 803 1663 duae,
828 1609 902 1667 quas
926 1591 1020 1650 modo
1047 1610 1110 1667 per·

103 1684 219 1744 cucurri
233 1687 279 1745 vel
294 1685 393 1765 potius
407 1707 503 1765 paene
523 1687 666 1765 praeterii,
684 1687 790 1747 Latine
804 1687 948 1766 loquendi
961 1690 1111 1766 planeque

58 1803 89 1855 15
104 1781 247 1857 dicendi3
274 1783 404 1860 reliquae
425 1795 495 1844 sunt
516 1804 649 1862 magnae,
672 1784 849 1863 implicatae,
873 1785 978 1859 variae,
996 1805 1108 1864 graves,

103 1880 213 1958 quibus
230 1881 328 1941 omnis
345 1881 503 1942 admiratio
516 1881 624 1960 ingeni,
640 1882 738 1942 omnis
752 1885 816 1943 laus
833 1882 1022 1960 eloquentiae
1040 1902 1110 1943 con-

103 1978 213 2039 tinetur
223 1999 233 2053 ;
260 1998 351 2038 nemo
375 1977 456 2040 enim
480 1999 624 2057 umquam
652 1990 697 2040 est
720 1991 875 2053 oratorem,
896 1982 979 2058 quod
1002 1980 1110 2042 Latine

102 2077 280 2153 loqueretur,
293 2075 473 2150 admiratus,
494 2074 519 2136 si
533 2088 578 2137 est
591 2076 683 2150 aliter,
695 2075 832 2150 inrident,
849 2097 948 2155 neque
962 2098 1031 2138 eum
1047 2099 1109 2138 ora-

102 2184 197 2234 torem
209 2184 325 2232 tantum
337 2174 437 2246 mod0,
450 2173 504 2233 sed
518 2172 671 2233 hominem
681 2193 743 2233 non
757 2184 863 2252 putant
875 2196 884 2249 ς
904 2195 994 2235 nemo
1006 2175 1109 2235 extulit

56 2298 89 2334 ao
103 2290 172 2330 eum
181 2270 286 2342 verbis,
298 2269 349 2348 qui
360 2269 401 2329 ita
411 2268 542 2344 dixisset,
551 2279 591 2341 ut,
603 2269 654 2346 qui
662 2271 812 2344 adessent,
821 2271 1025 2349 intellegerent
1034 2273 1108 2350 quid

101 2367 221 2440 diceret,
238 2369 291 2428 sed
307 2367 486 2445 contempsit
504 2386 582 2440 eum,
599 2366 651 2444 qui
670 2366 768 2427 minus
789 2367 821 2428 id
841 2369 938 2429 facere
952 2369 1105 2446 potuisset·

102 2467 140 2525 In
168 2485 229 2542 quo
256 2464 343 2543 igitur
375 2464 513 2524 homines
544 2465 779 2524 exhorrescunt?
820 2466 921 2541 Quem
950 2466 1107 2544 stupefacti
1120 2487 1151 2537 53

100 2563 252 2624 dicentem
277 2563 453 2623 intuentur?
494 2564 532 2622 In
560 2581 622 2640 quo
644 2564 835 2622 exclamant?
876 2565 976 2639 Quem
1005 2565 1104 2637 deum,

101 2672 134 2721 ut
163 2660 204 2720 ita
226 2661 334 2734 dicam,
358 2660 434 2722 inter
461 2659 599 2720 homines
627 2662 756 2737 putant?
797 2658 859 2736 Qui
883 2659 1031 2733 distincte,
1055 2660 1108 2738 qui

55 2783 86 2834 ²5
101 2758 253 2836 explicate,
271 2756 322 2836 qui
336 2759 531 2832 abundanter,
548 2757 599 2836 qui
620 2757 796 2818 inluminate
816 2768 846 2818 et
863 2758 952 2818 rebus
966 2769 996 2818 et
1010 2757 1108 2818 verbis

101 2856 205 2918 dicunt
220 2869 249 2918 et
263 2857 294 2917 in
308 2856 373 2937 ipsa
386 2856 520 2918 oratione
535 2855 620 2934 quasi
634 2857 785 2934 quendam
806 2875 965 2916 numerum
979 2876 1108 2916 versum-

100 2973 160 3031 que
181 2954 352 3027 conficiunt,
379 2953 486 3028 idest,
513 2956 596 3032 quod
620 2953 697 3026 dieo,
720 2965 832 3014 ornate.
876 2951 938 3029 Qui
960 2951 1041 3013 idem
1066 2953 1107 3013 ita

100 3053 299 3125 moderantur,
323 3063 356 3111 ut
376 3072 482 3123 rerum,
505 3062 538 3111 ut
559 3070 752 3129 personarum
773 3049 932 3128 dignitates
951 3051 1056 3124 serunt,
1078 3050 1106 3111 ei

99 3160 169 3209 sunt
183 3150 214 3210 in
233 3171 270 3211 eo
289 3169 396 3229 genere
415 3149 558 3210 laudandi
578 3149 683 3222 laudis,
699 3150 782 3227 quod
800 3169 857 3226 ego
873 3159 977 3226 aptum
992 3159 1022 3209 et
1035 3169 1105 3209 con-

53 3269 85 3318 30
98 3268 206 3325 gruens
229 3247 362 3309 nomino.
406 3246 468 3323 Qui
492 3246 533 3306 ita
557 3246 698 3320 dicerent,
722 3267 775 3308 eos
803 3246 921 3324 negavit
944 3248 1044 3307 adhuc
1072 3265 1148 3316 sest

98 3346 209 3407 vidisse
229 3345 380 3406 Antonius
401 3355 431 3405 et
452 3344 494 3406 eis
515 3345 574 3405 hoc
596 3364 708 3405 nomen
729 3343 803 3405 dixit
824 3343 1013 3422 eloquentiae
1033 3344 1104 3404 solis

132 3483 149 3529 8
165 3495 242 3542 quam
260 3479 410 3527 Manutius:
430 3493 488 3526 cum
505 3477 573 3528 codd.
652 3494 669 3540 9
685 3493 760 3538 quarn
779 3515 785 3527 .
804 3513 811 3526 .
831 3513 838 3527 .
858 3477 991 3526 audiamus
1008 3478 1106 3526 seclusit

99 3545 183 3596 Bake:
202 3547 336 3594 audiamus
347 3560 398 3593 om.
412 3543 478 3593 codd.
484 3544 539 3605 scre
550 3559 652 3591 omues:
670 3543 730 3593 add.
743 3543 812 3606 vulg.
880 3544 1009 3604 possimus
1019 3542 1103 3592 codd:

99 3627 235 3674 possumus
247 3611 368 3659 Friedn'clr
464 3624 492 3657 11
512 3615 539 3657 te
553 3609 688 3657 audiamus
699 3607 809 3656 damnat
819 3606 920 3657 Ellendt
1015 3608 1046 3654 18
1063 3612 1104 3655 est

99 3677 177 3727 aliter
187 3676 255 3726 codd
268 3692 275 3723 ι
293 3682 333 3724 est
344 3673 388 3724 dcl.
403 3673 472 3723 Bake

131 3759 181 3793 crc.
194 3757 228 3790 na
240 3757 317 3791 οκΑτ.
1005 3735 1038 3786 18
