2648 4216
433 269 491 331 DE
513 267 721 330 ORATORE
763 267 815 328 ΙΙΙ

124 433 209 496 muni
228 446 329 497 mente
350 434 435 514 quasi
455 433 633 514 impressum
654 433 700 508 sit,
716 445 749 495 ut
769 433 795 495 si
815 433 983 508 disseratur,
999 434 1073 496 idne
1091 432 1130 495 sit

123 530 180 610 ius,
194 534 277 611 quod
297 532 445 594 maximae
462 531 538 612 parti
556 532 594 593 sit
612 532 706 606 utile;
725 543 785 605 aut,
802 551 872 592 cum
891 531 965 609 quid
984 530 1130 610 cuiusque

124 630 162 690 sit
185 630 341 709 proprium·
365 630 534 710 exquiritur,
561 642 595 692 ut
621 641 726 691 ornate
749 629 849 691 dicere
876 629 1068 709 propriumne
1092 628 1131 691 sit

124 727 248 788 oratoris
274 748 314 789 an
341 727 373 789 id
398 728 488 790 etiam
512 727 620 807 aliquis
643 740 796 808 praeterea
819 729 917 789 facere
941 727 1042 806 possit,
1068 739 1128 801 aut,

96 845 195 896 scum
217 845 265 886 res
288 825 474 887 distribuitur
496 825 529 887 in
552 825 653 904 partis,
676 837 710 887 ut
732 825 759 887 si
782 836 948 904 quaeratur,
973 836 1047 902 quot
1070 824 1130 885 sint

123 942 232 1001 genera
250 943 349 984 rerum
367 924 611 1002 expetendarum,
629 935 663 985 ut
681 922 781 984 sintne
799 922 865 996 tria,
878 922 1019 1001 corporis,
1037 921 1131 982 animi

123 1030 372 1097 externarumque
405 1040 512 1092 rerum,
541 1031 602 1095 aut,
629 1040 710 1094 cum,
739 1039 817 1098 quae
850 1021 947 1080 forma
980 1030 1011 1081 et
1045 1018 1131 1096 quasi

123 1117 265 1178 naturalis
292 1130 365 1179 nota
391 1118 537 1197 cuiusque
567 1117 613 1192 sit,
642 1117 828 1191 describitur,
857 1129 891 1179 ut
918 1116 943 1178 si
973 1127 1131 1195 quaeratur

124 1214 204 1275 avari
222 1214 344 1292 species,
366 1214 508 1289 seditiosi,
526 1214 654 1293 gloriosi.
697 1213 928 1277 Consecutionis
946 1225 1048 1274 autem
1067 1215 1130 1274 duo
1145 1218 1193 1270 116

81 1329 113 1368 ro
124 1311 221 1391 prima
248 1312 458 1390 quaestionum
485 1332 595 1390 genera
621 1324 793 1390 ponuntur3
827 1332 898 1375 nam
925 1322 978 1373 aut
1005 1311 1131 1390 simplex

125 1420 172 1471 est
197 1408 384 1488 disceptatio,
413 1420 447 1470 ut
474 1409 500 1470 si
527 1408 695 1483 disseratur,
726 1411 933 1488 expetendane
963 1409 1002 1470 sit
1027 1408 1128 1487 gloria,

124 1517 177 1567 aut
193 1527 230 1568 ex
253 1506 486 1586 comparatione,
515 1508 580 1567 laus
607 1527 647 1567 an
677 1504 799 1568 divitiae
827 1506 921 1585 magis
945 1507 1131 1585 expetendae

124 1603 203 1679 sint;
232 1602 414 1682 simplicium
440 1615 543 1666 autem
567 1615 638 1666 sunt
665 1615 724 1666 tres
752 1603 856 1666 modi:
890 1606 930 1666 de
956 1603 1131 1682 expetendis

123 1700 311 1779 fugiendisve
347 1701 446 1775 rebus,
483 1712 517 1762 ut
554 1701 755 1780 expetendine
788 1704 919 1763 honores
953 1701 1020 1775 sint,
1056 1720 1132 1762 num

80 1797 267 1877 refugienda
290 1810 468 1878 paupertas;
498 1800 539 1860 de
561 1818 660 1877 aequo
684 1810 737 1860 aut
761 1797 874 1877 iniquo,
903 1806 939 1858 ut
959 1817 1132 1877 aequumne

124 1896 163 1958 sit
190 1897 294 1958 ulcisci
317 1896 440 1958 iniurias
464 1897 555 1958 etiam
576 1897 834 1976 propinquorum3
864 1899 904 1959 de
926 1899 1055 1959 honesto
1079 1906 1132 1956 aut

125 1992 211 2072 turpi,
232 2006 266 2056 ut
284 1997 352 2068 hoc,
372 1995 451 2057 sitne
469 1997 630 2056 honestum
648 1994 760 2073 gloriae
778 2015 870 2057 causa
887 2006 1015 2056 mortem
1036 1993 1128 2056 obire.

125 2092 367 2172 Comparationis
386 2104 488 2155 autem
509 2096 572 2155 duo
593 2104 663 2154 sunt
681 2092 785 2156 modis
811 2114 898 2168 unus,
920 2113 989 2155 cum
1009 2093 1131 2155 idemne
1146 2110 1192 2167 ιη

125 2189 163 2250 sit
183 2211 223 2251 an
243 2191 358 2270 aliquid
378 2191 495 2253 intersit
514 2191 683 2270 quaeritur3
714 2203 748 2253 ut
768 2204 902 2254 metuere
923 2203 954 2253 et
974 2191 1075 2265 vereri,
1097 2202 1131 2252 ut

79 2307 112 2345 eo
125 2308 177 2349 rex
196 2299 228 2349 et
247 2300 398 2367 tyrannus,
413 2301 448 2351 ut
467 2291 641 2350 adsentator
660 2301 691 2350 et
710 2289 826 2351 amicus
835 2312 845 2365 ;
865 2292 947 2364 alter,
967 2309 1038 2351 cum
1057 2289 1131 2367 quid

124 2397 255 2464 praestet
277 2386 359 2448 aliud
386 2386 438 2447 alii
464 2386 622 2466 quaeritur,
649 2399 683 2447 ut
705 2387 790 2461 illud,
815 2386 962 2467 optimine
985 2386 1131 2464 cuiusque

125 2483 275 2562 sapientes
292 2506 332 2545 an
350 2483 488 2564 populari
505 2486 595 2545 laude
614 2486 770 2545 ducantur.
813 2487 915 2562 Atque
934 2504 988 2545 eae
1006 2483 1130 2560 quidem

124 2581 366 2660 disceptationes,
391 2601 470 2660 quae
496 2582 537 2642 ad
564 2580 768 2660 cognitionem
796 2583 969 2656 referuntur,
998 2581 1042 2641 sic
1069 2583 1130 2641 fere

124 2699 144 2739 a
156 2678 337 2740 doctissimis
351 2679 525 2741 hominibus
535 2679 752 2740 describuntur.
782 2681 871 2756 Quae
881 2699 952 2741 vero
965 2682 1130 2741 referuntur
1143 2639 1193 2767 31⁰3

80 2794 110 2846 ²⁵
124 2776 165 2835 ad
184 2779 343 2854 agendum,
366 2788 418 2837 aut
438 2776 470 2837 in
491 2777 571 2838 offici
591 2777 810 2856 disceptatione
833 2788 995 2850 versantur,
1017 2797 1079 2855 quo
1098 2776 1130 2837 in

123 2893 233 2950 genere
255 2874 329 2951 quid
351 2885 467 2935 rectum
488 2875 721 2953 faciendumque
743 2875 782 2935 sit
806 2874 964 2953 quaeritur,
991 2874 1040 2935 cui
1061 2877 1130 2936 loco

124 2969 222 3031 omnis
249 2970 392 3031 virtutum
427 2982 457 3032 et
485 2972 624 3033 vitiorum
653 2984 698 3034 est
732 2973 807 3034 silva
841 2971 983 3045 subiecta,
1012 2983 1065 3033 aut
1097 2971 1130 3033 in

121 3067 292 3129 animorum
316 3067 417 3147 aliqua
443 3069 632 3147 permotione
659 3081 712 3130 aut
738 3068 889 3147 gignenda
916 3080 968 3129 aut
996 3071 1131 3130 sedanda

123 3167 294 3227 tollendave
308 3177 478 3227 tractantur.
523 3166 607 3227 Huic
620 3165 722 3244 generi
735 3165 888 3228 subiectae
907 3177 978 3227 sunt
995 3168 1131 3228 cohorta-

157 3321 188 3370 Μ
198 3347 221 3365 =
233 3323 317 3372 ΑΕΗ
380 3339 397 3385 9
415 3324 525 3373 duoom.
536 3323 566 3372 H
617 3338 649 3371 ro
665 3321 781 3386 primaL
849 3324 973 3374 crimeina
990 3322 1023 3371 Μ
1098 3339 1130 3387 14

123 3388 254 3450 fugiendis
269 3389 420 3438 verberibus
436 3388 469 3437 Μ
616 3402 647 3450 15
665 3394 693 3438 ut
710 3388 769 3439 add.
794 3389 884 3438 Pearre
1015 3405 1048 3437 ao
1064 3390 1130 3439 alter

123 3455 211 3517 vulga:
255 3455 363 3504 alterum
387 3454 456 3505 codd.
578 3453 639 3516 quid
664 3454 710 3503 M:
743 3455 788 3516 qui
811 3453 836 3502 L
968 3470 998 3504 ar
1017 3455 1059 3504 alii
1076 3471 1127 3506 om.

123 3517 156 3566 Μ
252 3536 285 3583 ²3
302 3521 477 3581 cognitionem
488 3518 515 3567 A
528 3535 588 3568 corr.
601 3519 668 3582 vulg.
682 3537 689 3568 τ
706 3520 886 3581 cognationem
899 3518 931 3567 Μ
1011 3535 1044 3580 25
1061 3521 1128 3568 offici

122 3585 158 3633 sic
173 3583 229 3633 HA
345 3587 380 3634 26
396 3585 457 3647 quoi
474 3585 533 3634 loco
549 3584 595 3633 A:
617 3590 679 3646 quol
695 3583 728 3632 H
735 3602 742 3634 e
764 3599 817 3646 quo
831 3585 858 3634 in
875 3584 901 3633 E
1016 3600 1048 3647 27
1065 3585 1129 3634 silva

122 3650 209 3714 vulg:
227 3650 271 3699 illa
283 3649 314 3698 Μ

1016 3730 1064 3781 14*
