2648 4216
449 268 509 328 DE
530 264 737 329 ORATORE
779 267 812 327 11

129 434 333 511 similitudine,
363 455 441 514 quae
473 445 526 496 aut
552 433 755 495 conlationem
784 434 875 495 habet
902 445 954 494 aut
981 444 1134 511 tamquam

129 533 309 612 imaginem:
329 531 541 604 conlationem,
552 541 586 591 ut
594 529 644 591 ille
653 532 757 591 Gallus
766 530 838 591 olim
849 530 932 591 testis
943 529 974 590 in
984 528 1135 602 Pisonem,

129 650 199 690 cum
227 627 478 690 innumerabilem
510 627 613 706 Magio
646 630 796 706 praefecto
825 626 984 706 pecuniam
1014 625 1136 687 dixisset

129 727 231 787 datam
255 725 349 804 idque
373 727 502 786 Scaurus
526 724 672 786 tenuitate
694 723 778 803 Magi
802 726 998 801 redargueret,
1023 723 1136 795 ‘erras’

100 821 226 900 sinquit
242 825 369 883 ‘Scaure
380 843 390 897 ;
421 821 581 901 egoenim
603 821 741 901 Magium
762 841 825 882 non
845 840 1036 881 conservasse
1055 819 1134 893 dico,

128 921 183 981 sed
197 932 351 998 tamquam
366 921 467 981 nudus
480 940 574 980 nuces
594 920 712 998 legeret,
728 918 760 978 in
773 930 876 980 ventre
889 918 1081 992 abstulissc'3
1102 929 1136 978 ut

128 1015 203 1077 illud
224 1019 268 1077 M.
292 1016 400 1079 Cicero
420 1037 521 1090 senex,
539 1016 628 1076 huius
648 1015 702 1076 viri
724 1014 838 1094 optimi,
860 1015 954 1076 nostri
974 1015 1134 1089 familiaris,

127 1126 219 1194 pater,
237 1119 375 1176 ‘nostros
389 1113 529 1175 homines
543 1113 647 1174 similis
666 1133 732 1174 esse
750 1116 891 1190 Syrorum
904 1111 1073 1173 venalium:
1102 1124 1136 1173 ut

128 1211 257 1290 quisque
269 1209 384 1289 optime
394 1214 511 1273 Graece
523 1210 620 1285 sciret,
631 1211 673 1272 ita
686 1231 752 1272 esse
763 1209 998 1288 nequissimum.'
1038 1211 1136 1270 Valde
1152 1212 1200 1264 266

85 1333 115 1370 ιο
127 1320 228 1370 autem
250 1309 384 1371 ridentur
404 1309 496 1370 etiam
512 1308 666 1388 imagines,
686 1310 842 1387 quaesere
862 1307 894 1368 in
915 1306 1135 1368 deformitatem

127 1407 231 1467 autin
251 1406 376 1484 aliquod
396 1404 502 1466 vitium
523 1405 657 1483 corporis
678 1406 830 1466 ducuntur
848 1423 919 1464 cum
940 1403 1135 1465 similitudine

127 1503 284 1582 turpioris:
316 1514 349 1564 ut
363 1523 466 1564 meum
480 1502 556 1564 illud
569 1502 601 1563 in
617 1502 762 1564 Helvium
777 1501 930 1563 Manciam
948 1501 1023 1561 ‘iam
1037 1512 1136 1562 osten-

126 1604 199 1663 dam
219 1601 305 1663 cuius
326 1600 411 1662 modi
431 1600 490 1674 sis,’
509 1621 580 1661 cum
599 1600 650 1662 ille
665 1602 817 1674 ‘ostende
835 1619 948 1676 quaeso
959 1600 984 1674 ';
1011 1599 1135 1660 demon·

127 1699 217 1761 stravi
230 1699 326 1778 digito
339 1699 455 1778 pictum
471 1701 593 1760 Gallum
607 1698 639 1759 in
655 1698 793 1759 Mariano
808 1708 894 1758 scuto
909 1696 1063 1760 Cimbrico
1077 1697 1134 1758 sub

82 1821 113 1872 15
128 1796 224 1859 Novis
241 1797 409 1871 distortum,
425 1796 522 1858 eiecta
540 1795 650 1875 lingua,
665 1794 769 1857 buccis
788 1795 970 1869 fluentibus3
999 1795 1074 1855 risus
1088 1806 1134 1855 est

126 1906 317 1970 commotus3
348 1893 423 1954 nihil
444 1905 507 1955 tam
529 1894 670 1954 Manciae
690 1892 788 1955 simile
804 1892 900 1952 visum
918 1904 963 1953 est
974 1914 983 1968 3
1012 1904 1046 1952 ut
1062 1912 1132 1953 cum

125 1993 198 2054 Tito
220 1992 341 2053 Pinario
364 2003 502 2053 mentum
529 1990 562 2051 in
590 1991 722 2052 dicendo
750 1989 953 2069 intorquenti:
991 1994 1071 2050 ‘tum
1098 2001 1133 2050 ut

125 2089 247 2164 diceret,
263 2090 288 2151 si
302 2089 377 2168 quid
390 2091 488 2163 vellet,
504 2087 530 2149 si
547 2109 658 2150 nucem
672 2088 823 2168 fregisset'
866 2087 966 2148 Etiam
980 2087 1038 2162 illa,
1054 2107 1133 2165 quae
1149 2094 1197 2160 ²⁶⁷

125 2187 282 2250 minuendi
296 2199 348 2249 aut
361 2187 493 2266 augendi
512 2208 604 2248 causa
621 2189 662 2249 ad
675 2186 882 2249 incredibilem
903 2184 1132 2247 admirationem

82 2312 113 2348 ao
125 2287 305 2360 efferuntu13
333 2287 415 2346 velut
435 2296 477 2357 tu,
500 2285 617 2359 Crasse,
635 2283 667 2344 in
688 2284 847 2345 contione:
879 2282 937 2344 ‘ita
955 2282 1013 2344 sibi
1032 2283 1132 2362 ipsum

125 2402 268 2461 magnum
288 2381 383 2443 videri
403 2381 593 2454 Memmium,
613 2391 646 2441 ut
666 2379 698 2440 in
715 2383 813 2441 forum
834 2382 1022 2442 descendens
1041 2393 1132 2460 caput

123 2481 164 2541 ad
180 2479 326 2541 fornicem
346 2479 515 2541 Fabianum
534 2477 743 2552 demitteret’3
769 2498 806 2538 ex
829 2498 891 2556 quo
912 2498 1020 2556 genere
1040 2478 1131 2539 etiam

124 2575 199 2638 illud
213 2588 267 2651 est,
283 2578 367 2656 quod
381 2576 483 2655 Scipio
496 2575 579 2654 apud
594 2574 800 2648 Numantiam,
811 2595 881 2635 cum
896 2577 1132 2636 stomacharetur

124 2694 196 2735 cum
210 2675 246 2737 C.
263 2676 397 2747 Metello,
413 2672 523 2734 dixisse
536 2672 666 2734 dicitur:
698 2671 741 2733 ‘si
755 2671 894 2750 quintum
908 2683 1023 2749 pareret
1037 2683 1132 2732 mater

81 2792 111 2843 ²5
124 2770 198 2845 eius,
207 2770 327 2832 asinum
340 2771 431 2832 luisse
441 2770 622 2849 parituram!
662 2775 777 2848 Arguta
787 2768 877 2830 etiam
888 2767 1064 2846 significatio
1075 2780 1128 2843 est,
1146 2782 1192 2832 268

125 2888 195 2928 cum
210 2889 301 2946 parva
313 2889 345 2929 re
356 2879 386 2929 et
400 2889 490 2947 saepe
499 2870 591 2930 verbo
600 2889 647 2929 res
655 2869 784 2929 obscura
793 2878 824 2927 et
836 2869 932 2927 latens
941 2865 1130 2942 inlustratur;

123 2979 166 3042 ut,
181 2987 252 3027 cum
272 2968 306 3030 C.
326 2966 465 3028 Fabricio
483 2969 516 3028 P.
538 2967 705 3040 Cornelius,
726 2968 829 3039 homo,
847 2977 881 3024 ut
897 2963 1128 3039 existimabatur,

122 3085 229 3126 avarus
243 3076 273 3126 et
287 3067 378 3139 furax,
391 3065 446 3127 sed
459 3065 575 3144 egregie
589 3065 672 3126 fortis
687 3075 717 3126 et
731 3065 830 3125 bonus
844 3060 1012 3141 imperator,
1022 3062 1130 3140 gratias

122 3173 230 3240 ageret,
260 3164 344 3241 quod
372 3182 405 3223 se
433 3164 526 3223 homo
550 3161 689 3222 inimicus
717 3162 873 3222 consulem
898 3159 1024 3234 lecisset,
1048 3161 1129 3222 bello

79 3280 111 3329 30
123 3258 296 3338 praesertim
324 3279 435 3338 magno
463 3271 493 3320 et
517 3259 596 3337 gravi
624 3258 716 3319 ‘nihil
739 3269 793 3332 est,
817 3257 901 3335 quod
923 3256 997 3317 mihi
1022 3257 1129 3335 gratias

157 3414 187 3463 M
199 3414 266 3463 =H
328 3414 680 3465 acollationisestFn'edrich
742 3415 842 3463 Gallius
851 3413 974 3463 Fn'edn'ch
1025 3415 1129 3462 Svena·

123 3479 187 3529 lium
198 3489 226 3530 ut
238 3481 345 3543 quisque
357 3496 408 3530 om.
424 3480 482 3528 Hm
562 3495 592 3529 ro
610 3480 736 3542 imagines
747 3480 792 3529 del.
807 3478 877 3529 Bake
961 3494 989 3527 11
1009 3479 1129 3527 dicuntur

122 3540 181 3595 Hm
192 3545 261 3594 Bake
369 3561 399 3595 ra
417 3546 530 3595 lamom.
545 3544 603 3594 Hm
705 3560 734 3607 17
753 3545 832 3594 tertio
844 3544 948 3607 pauario
959 3544 1032 3591 Hm:
1051 3544 1129 3593 tertio

123 3611 281 3674 penarioL:
300 3611 360 3661 terti
380 3625 405 3674 p.
423 3609 527 3660 Pearre:
551 3627 612 3660 corr.
630 3608 738 3659 Ursinus
803 3610 940 3658 incidendo
950 3608 1008 3658 Hm
1075 3615 1128 3656 tum

123 3692 174 3726 om.
190 3675 248 3726 Hm
347 3693 378 3725 ar
397 3676 637 3726 discedenerecc.
721 3691 753 3725 aa
772 3674 899 3724 FabiiL:
916 3673 1000 3724 Fabia
1096 3693 1129 3740 29

123 3743 201 3792 homo
214 3759 262 3791 om.
276 3741 333 3790 Hm
