2648 4216
448 251 508 311 uu
527 251 735 313 onnaoua
778 253 829 312 111
1154 267 1253 330 49191

135 431 205 480 sunt
232 421 290 481 hac
317 419 433 482 ratione
456 419 572 495 servati,
596 419 689 481 medii
712 433 840 500 possunt
867 424 967 495 latere,
990 422 1142 483 modone

134 516 275 577 circuitus
302 517 366 596 ipse
393 519 553 579 verborum
580 517 619 579 sit
639 529 693 579 aut
716 518 844 593 brevior,
867 538 960 596 quam
981 538 1067 579 aures
1094 540 1142 580 ex-

134 626 279 693 spectent,
303 626 356 676 aut
382 615 506 693 longior,
536 636 628 694 quam
655 615 732 677 vires
756 627 848 695 atque
874 615 976 676 anima
1002 615 1139 694 patiatur.

135 713 292 774 Clausulas
313 726 416 775 autem
438 713 610 792 diligentius
634 714 725 775 etiam
749 716 909 776 servandas
929 734 995 775 esse
1015 714 1141 776 arbitror

105 829 226 888 squam
241 811 400 890 superiora,
416 813 500 890 quod
519 811 551 872 in
572 810 615 872 eis
637 811 766 873 maxime
787 811 930 890 perfectio
947 823 1039 889 atque
1054 813 1141 873 abso

133 907 209 969 lutio
236 907 391 971 iudicatur.
446 912 527 970 Nam
551 930 653 971 versus
680 930 777 990 aeque
805 910 900 988 prima
927 921 958 970 et
986 910 1086 971 media
1109 922 1141 972 et

133 1016 265 1066 extrema
283 1027 350 1085 pars
370 1007 542 1081 attenditur,
565 1007 618 1085 qui
636 1006 816 1082 debilitatur,
835 1007 866 1067 in
887 1028 1079 1086 quacumque
1095 1019 1141 1068 est

132 1115 216 1182 parte
238 1104 399 1165 titubatum
409 1127 418 1180 ;
439 1104 471 1165 in
493 1103 629 1166 oratione
649 1116 751 1166 autem
776 1105 865 1183 pauci
884 1104 980 1182 prima
1002 1117 1139 1180 cernunt,

133 1212 284 1280 postrema
297 1201 449 1281 plerique:
471 1222 549 1280 quae
560 1201 705 1280 quoniam
718 1214 863 1280 apparent
877 1213 908 1263 et
917 1202 1137 1281 intelleguntur,

89 1319 119 1355 ro
132 1299 275 1360 varianda
301 1312 379 1375 sunt,
404 1320 443 1361 ne
465 1311 517 1360 aut
541 1299 710 1360 animorum
734 1299 852 1361 iudiciis
875 1299 1068 1378 repudientur
1086 1311 1138 1361 aut

132 1397 249 1457 aurium
273 1397 416 1458 satietate.
476 1400 549 1458 Duo
572 1397 654 1458 enim
676 1408 729 1458 aut
753 1409 811 1459 tres
834 1399 895 1458 fere
917 1409 988 1459 sunt
1015 1397 1138 1458 extremi
1154 1422 1202 1474 193

132 1493 270 1555 servandi
284 1506 314 1556 et
328 1493 455 1555 notandi
469 1495 571 1573 pedes,
587 1494 613 1555 si
627 1496 721 1556 modo
734 1515 797 1556 non
812 1495 946 1556 breviora
959 1508 990 1556 et
1006 1495 1140 1574 praecisa

131 1603 218 1652 erunt
237 1593 408 1670 superiora3
435 1612 512 1671 quos
533 1603 585 1652 aut
601 1591 721 1654 chorios
741 1604 792 1653 aut
810 1595 918 1654 heroos
938 1605 990 1654 aut
1008 1596 1139 1655 alternos

132 1709 198 1750 esse
212 1690 361 1768 oportebit
372 1701 424 1751 aut
438 1689 470 1751 in
483 1710 600 1768 paeane
613 1689 665 1750 illo
679 1690 852 1768 posteriore,
861 1710 952 1768 quem
963 1690 1138 1753 Aristoteles

87 1805 117 1857 15
132 1787 247 1865 probat,
268 1800 320 1847 aut
338 1787 366 1848 ei
385 1787 449 1865 pari
465 1787 585 1849 cretico.
629 1790 752 1849 Horum
765 1787 984 1849 vicissitudines
998 1788 1136 1865 efficient,

131 1894 166 1944 ut
178 1905 279 1962 neque
297 1884 326 1945 ei
340 1884 494 1962 satientur,
507 1885 560 1964 qui
573 1886 707 1961 audient,
722 1885 843 1946 fastidio
853 1885 1064 1961 similitudinis,
1080 1908 1137 1949 nec

130 2001 187 2042 nos
219 1981 260 2056 id,
294 1984 378 2060 quod
410 1983 563 2058 faciemus,
592 2004 684 2063 opera
714 1984 817 2045 dedita
847 1985 945 2045 facere
971 1983 1134 2046 videamur.

131 2080 225 2155 Quod
249 2079 274 2140 si
294 2080 452 2158 Antipater
473 2081 523 2142 ille
546 2081 697 2155 Sidonius,
719 2102 811 2160 quem
836 2092 869 2143 tu
891 2083 993 2160 probe,
1019 2085 1134 2159 Catule,
1151 2104 1200 2157 194

130 2177 301 2251 meministi,
331 2178 436 2238 solitus
464 2189 510 2239 est
537 2199 639 2240 versus
667 2180 855 2241 hexametros
882 2181 1018 2258 aliosque
1047 2181 1135 2243 variis

86 2298 117 2333 πο
131 2275 230 2336 modis
249 2286 341 2353 atque
355 2276 487 2337 numeris
504 2278 629 2338 sundere
644 2298 681 2338 ex
697 2289 832 2357 tempore
848 2290 1026 2357 tantumque
1040 2279 1136 2341 homi·

129 2371 176 2432 nis
187 2371 334 2451 ingeniosi
344 2394 381 2436 ac
395 2374 536 2435 memoris
546 2374 639 2436 valuit
650 2375 830 2452 exercitatio,
844 2387 888 2452 ut,
901 2396 972 2437 cum
985 2397 1019 2437 se
1032 2389 1135 2440 mente

127 2490 164 2532 ac
190 2473 345 2533 voluntate
371 2471 550 2534 coniecisset
581 2473 614 2534 in
641 2494 771 2549 versum,
797 2475 889 2535 verba
921 2487 1135 2552 sequerentur3

127 2581 242 2646 quanto
256 2569 288 2631 id
306 2569 421 2630 facibus
438 2569 470 2630 in
484 2570 630 2646 oratione,
644 2570 855 2632 exercitatione
869 2582 899 2632 et
913 2572 1134 2635 consuetudine

126 2665 273 2743 adhibita,
286 2672 523 2747 consequemur!

83 2784 113 2835 ²5
169 2766 250 2825 Illud
258 2776 360 2826 autern
373 2785 413 2826 ne
427 2765 494 2844 quis
502 2766 675 2842 admiretur,
688 2785 822 2845 quonam
833 2769 926 2828 modo
936 2769 1012 2828 haec
1025 2769 1131 2846 vulgus
1146 2792 1193 2845 19⁵

126 2860 330 2941 imperitorum
345 2862 377 2922 in
390 2862 544 2926 audiendo
560 2875 655 2940 notet,
665 2885 736 2925 cum
750 2864 782 2925 in
796 2864 880 2926 omni
897 2884 1006 2943 genere
1020 2876 1085 2925 tum
1098 2865 1132 2926 in

125 2959 185 3020 hoc
205 2959 272 3037 ipso
294 2980 402 3038 magna
424 2962 574 3039 quaedam
598 2973 644 3022 est
668 2960 712 3022 vis
734 2960 977 3039 incredibilisque
996 2972 1128 3023 naturae

125 3057 240 3117 Omnes
255 3056 337 3118 enim
351 3056 442 3117 tacito
456 3059 590 3135 quodam
604 3078 694 3119 sensu
709 3057 773 3119 sine
787 3060 848 3118 ulla
863 3068 926 3119 arte
944 3070 997 3119 aut
1015 3057 1130 3121 ratione

124 3173 202 3231 quae
216 3153 275 3215 sint
289 3153 321 3213 in
335 3153 448 3215 artibus
461 3174 497 3215 ac
515 3154 680 3216 rationibus
694 3166 775 3216 recta
787 3175 824 3215 ac
841 3175 931 3232 prava
945 3154 1112 3216 diiudicant
1120 3177 1130 3231 3

79 3272 111 3321 30
124 3249 217 3330 idque
228 3271 297 3312 cum
311 3251 425 3312 faciunt
439 3250 470 3311 in
485 3250 607 3328 picturis
621 3253 697 3313 etin
712 3251 803 3330 signis
812 3262 842 3312 et
856 3251 887 3311 in
901 3251 966 3312 aliis
978 3251 1140 3330 operibus,

122 3349 163 3410 ad
187 3368 316 3427 quorum
336 3349 569 3428 intellegentiam
593 3370 611 3410 a
638 3361 744 3409 natura
766 3347 865 3408 minus
886 3349 999 3410 habent
1022 3348 1129 3410 instru-

1154 683 1196 745 50

1156 775 1202 826 19²

156 3496 189 3543 M
199 3520 220 3538 ==
233 3495 314 3544 AEH
399 3514 428 3546 12
445 3515 498 3547 non
509 3515 560 3549 om.
573 3496 606 3545 M
672 3512 702 3561 15
719 3504 763 3547 aut
775 3498 799 3546 ei
812 3497 857 3546 vul
873 3516 898 3547 .:
915 3505 959 3548 aut
968 3505 994 3547 et
1004 3495 1066 3548 Mo:
1082 3505 1127 3549 aut

123 3561 150 3608 in
161 3561 187 3610 P
264 3579 296 3610 aa
313 3564 431 3613 eiecisset
442 3562 489 3613 M:
505 3565 658 3614 erexissete
747 3564 774 3611 in
786 3579 836 3613 om.
964 3577 996 3624 25
1013 3579 1126 3626 quonam

121 3623 207 3687 L32:
224 3630 267 3689 q‘rir
281 3629 307 3690 (ι’.
315 3645 334 3678 e.
349 3629 481 3693 quoniam)
492 3627 525 3676 M
