2648 4216
71 257 173 331 ⁶⁸27,
465 253 510 313 M.
532 212 660 313 xvim
682 251 916 314 mcuxorus

187 419 270 496 quod
292 418 455 498 intellegas,
483 429 517 479 ut
545 417 703 479 Pontidius
729 417 868 496 ‘qualem
892 415 1050 490 existimas,
1080 414 1132 494 qui
1159 414 1193 476 in

186 515 333 577 adulterio
346 515 617 594 deprehenditur?'
654 516 789 575 ‘tardum
802 516 829 575 l'
848 525 882 575 ut
896 534 960 592 ego,
976 514 1029 593 qui
1039 512 1191 574 indilectu

188 614 321 688 Metello,
344 633 415 674 cum
435 612 659 673 excusationem
680 614 836 672 oculorum
857 632 876 672 a
896 632 946 673 me
965 632 1029 673 non
1042 610 1192 688 acciperet

124 716 173 780 276
186 721 217 771 et
244 710 367 771 dixisset
395 715 444 771 ‘tu
472 709 562 788 igitur
587 709 662 770 nihil
685 708 808 771 vides?'
844 713 923 788 ‘ego
949 711 1039 770 vero'
1065 707 1191 786 inquam

188 812 224 867 ‘a
237 819 323 886 porta
344 806 502 884 Esquilina
521 807 610 868 video
630 806 731 868 villam
752 818 835 867 tuam
845 809 873 882 ;'
902 817 936 867 ut
956 806 1031 867 illud
1051 805 1218 879 Nasicae,5

186 904 321 983 quicum
338 906 379 966 ad
398 917 520 985 poetam
539 904 672 965 Ennium
688 904 819 965 venisset
839 903 929 983 eique
947 905 988 966 ab
1004 903 1082 965 ostio
1100 921 1193 980 quae-

185 1002 261 1063 renti
276 1003 410 1064 Ennium
428 1003 537 1064 ancilla
557 1002 681 1064 dixisset
699 1001 860 1063 dominon
881 1022 956 1078 esse,
972 1001 1083 1063 Nasica
1096 999 1191 1061 sensit

185 1099 267 1160 illam
280 1100 397 1161 domini
410 1099 493 1161 iussu
507 1099 617 1162 dixisse
635 1110 665 1160 et
683 1099 768 1159 illum
787 1098 868 1159 intus
886 1119 952 1161 esse
961 1121 971 1175 ;
1001 1098 1104 1178 paucis
1121 1110 1191 1177 post

185 1197 292 1258 diebus
306 1217 377 1258 curn
396 1200 435 1259 ad
450 1197 592 1258 Nasicam
606 1196 736 1258 venisset
751 1196 868 1257 Ennius
887 1208 918 1258 et
931 1217 1001 1258 eum
1015 1199 1054 1258 ad
1068 1196 1191 1256 ianuam

184 1307 347 1372 quaereret,
373 1297 520 1356 exclamat
544 1293 655 1355 Nasica
679 1294 764 1357 domi
791 1315 854 1356 non
882 1315 956 1370 esse,
982 1306 1047 1356 tum
1072 1294 1191 1362 Ennius¹
1207 1314 1239 1350 ιο

187 1393 301 1470 ‘quidl
336 1413 393 1472 ego
417 1414 479 1454 non
505 1412 656 1470 cognosco
677 1395 803 1453 vocem’
828 1391 927 1470 inquit
949 1394 1090 1454 ‘tuami'
1127 1391 1190 1453 Hic

185 1490 296 1552 Nasica
312 1493 423 1552 ‘homo
438 1512 470 1552 es
479 1489 639 1568 impudens
651 1512 658 1551 :
672 1510 736 1568 ,ego
750 1510 821 1550 cum
835 1501 866 1551 te
876 1511 1050 1568 quaererem
1063 1490 1190 1552 ancillae

184 1598 253 1649 tuae
274 1589 388 1651 credidi
405 1599 435 1650 te
454 1588 539 1650 domi
557 1608 620 1648 non
641 1608 715 1662 esse,
735 1599 768 1649 tu
792 1587 868 1648 mihi
891 1607 954 1648 non
977 1587 1073 1649 credis
1095 1587 1190 1667 ipsi?'

121 1704 169 1758 η]
185 1687 239 1745 Est
253 1686 367 1746 bellum
381 1685 456 1747 illud
470 1705 601 1764 quoque,
614 1705 651 1745 ex
665 1702 728 1763 quo
743 1683 776 1758 is,
793 1683 847 1762 qui
860 1683 935 1745 dixit
948 1683 1092 1746 inridetur
1105 1684 1137 1745 in
1152 1706 1190 1747 eo

183 1781 249 1860 ipso
271 1804 387 1861 genere,
412 1803 474 1862 quo
501 1781 594 1857 dixit;
624 1793 665 1857 ut,
690 1802 761 1842 cum
789 1782 828 1858 Q.
851 1781 991 1860 Opimius
1015 1782 1187 1858 consularis,
1207 1802 1235 1852 ¹5

184 1880 234 1959 qui
252 1883 497 1942 adulescentulus
512 1883 590 1941 male
603 1879 745 1954 audisset,
761 1879 868 1941 festivo
882 1878 999 1940 homini
1013 1880 1120 1957 Egilio,
1136 1880 1189 1958 qui

182 1977 332 2039 videretur
352 1978 473 2039 mollior
489 1999 546 2039 nec
566 1989 653 2052 esset,
676 1976 799 2038 dixisset
814 1976 906 2055 ‘quid
922 1987 964 2050 tu,
981 1976 1078 2054 Egilia
1097 1981 1190 2038 mea?

183 2078 307 2153 quando
327 2078 367 2138 ad
388 2097 437 2136 me
458 2075 542 2137 venis
559 2095 629 2135 cum
650 2086 703 2136 tua
722 2077 793 2135 colu
813 2085 844 2135 et
864 2075 974 2134 lana?'
1011 2076 1099 2135 ‘Non
1120 2077 1189 2154 pol'

183 2173 280 2250 inquit
297 2176 420 2248 ‘audeo,
436 2194 507 2234 nam
529 2193 578 2234 me
597 2174 636 2233 ad
655 2175 785 2233 famosas
803 2170 898 2232 vetuit
918 2182 1013 2232 mater
1026 2173 1189 2239 accedere!

183 2273 266 2330 Salsa
280 2284 350 2332 sunt
363 2271 463 2344 etiam,
479 2291 557 2349 quae
574 2271 687 2331 habent
706 2268 908 2348 suspicionem
927 2267 1044 2329 ridiculi
1062 2271 1189 2331 abscon·
1203 2288 1235 2325 ao

183 2367 286 2441 ditam,
303 2389 364 2446 quo
378 2369 410 2429 in
424 2389 533 2446 genere
552 2380 597 2429 est
612 2367 703 2428 Siculi
717 2367 800 2441 illud,
811 2367 861 2428 cui
875 2387 945 2427 cum
959 2366 1111 2427 familiaris
1125 2367 1189 2446 qui-

182 2467 253 2526 dam
272 2477 444 2545 quereretur
464 2468 548 2544 quod
565 2465 677 2526 diceret
696 2485 819 2526 uxorem
836 2485 921 2525 suam
943 2464 1135 2542 suspendisse
1156 2486 1189 2527 se

182 2565 222 2624 de
246 2565 313 2638 ficu,
339 2565 468 2624 ‘amabo
488 2566 537 2638 te,'
558 2562 656 2641 inquit
680 2566 736 2624 ‘da
756 2562 831 2624 mihi
852 2583 888 2622 ex
908 2561 965 2622 ista
985 2563 1091 2623 arbore
1111 2583 1189 2640 quos

182 2682 278 2722 seram
292 2664 445 2722 surculos'
488 2663 526 2721 In
540 2663 649 2722 eodem
668 2680 777 2737 genere
796 2671 848 2733 est,
870 2661 954 2736 quod
973 2660 1099 2720 Catulus
1113 2659 1188 2720 dixit

183 2759 304 2821 cuidam
318 2759 427 2820 oratori
442 2761 540 2820 malo:
572 2757 708 2837 quicum
725 2758 757 2818 in
771 2758 891 2835 epilogo
905 2756 1139 2818 misericordiam
1154 2778 1187 2818 se
1204 2776 1233 2826 25

182 2857 311 2918 movisse
325 2868 450 2937 putaret,
463 2867 624 2935 postquam
638 2856 763 2930 adsedit,
777 2855 890 2934 rogavit
904 2857 985 2916 hunc
999 2854 1188 2917 videreturne

182 2954 416 3016 misericordiam
431 2953 569 3027 movisse,
586 2958 595 2987 ‘
603 2974 639 3015 ac
653 2974 793 3032 magnam
808 2953 950 3032 quidem,'
964 2952 1061 3031 inquit
1079 2953 1188 3014 ‘nemi-

182 3073 252 3112 nem
267 3053 347 3113 enim
362 3065 436 3133 puto
450 3073 516 3114 esse
535 3063 597 3112 tam
616 3053 734 3126 durum,
750 3051 799 3113 cui
820 3072 882 3112 non
896 3051 992 3113 oratio
1011 3063 1062 3112 tua
1076 3050 1188 3111 miseri-

118 3167 166 3221 ²79
182 3150 284 3211 cordia
304 3150 394 3228 digna
408 3150 472 3211 visa
492 3149 548 3210 sit'
591 3151 645 3210 Me
666 3161 766 3211 tamen
785 3151 905 3210 hercule
924 3149 1015 3210 etiam
1034 3149 1084 3209 illa
1098 3151 1187 3210 valde

181 3259 303 3308 movent
324 3249 513 3309 stomachosa
534 3258 565 3308 et
582 3246 668 3324 quasi
688 3249 865 3309 submorosa
882 3247 1016 3321 ridicula,
1032 3266 1094 3307 non
1115 3266 1186 3307 cum
1201 3261 1233 3312 30

123 2223 169 2294 69

122 2315 168 2376 278

212 3389 243 3438 M
254 3391 320 3440 =H
415 3391 630 3454 9aianuaLvu
658 3428 664 3442 .
736 3406 806 3441 rose
818 3390 950 3441 domiLe:
968 3407 997 3440 se
1009 3391 1107 3440 om.H
1117 3390 1186 3453 (cum

180 3456 281 3506 lacunal
350 3472 378 3506 11
396 3456 509 3519 quidL:
527 3456 609 3518 inquit
658 3475 664 3506 z
683 3457 707 3506 ei
718 3456 780 3519 quid
789 3457 913 3506 Fn'edrr'clr
982 3471 1011 3518 15
1023 3454 1185 3518 quodcoda:

179 3538 239 3573 eurr.
253 3521 387 3570 Manutius
467 3523 497 3571 1⁶
512 3521 831 3584 Aegiliovolur'tPanofha
906 3523 936 3571 18
950 3528 994 3571 tuo
1005 3522 1063 3570 Hm
1128 3521 1186 3570 colu

179 3589 215 3636 Le
227 3590 313 3638 Nom:
332 3587 388 3636 colo
398 3587 431 3635 H
582 3602 615 3649 ²3
632 3587 681 3636 ista
693 3586 742 3637 Le:
760 3603 791 3637 ea
802 3587 878 3636 Hm:
895 3587 939 3636 illa
951 3587 1054 3649 Quintil.
1069 3586 1101 3636 vi.
1115 3601 1140 3648 3.
1152 3587 1186 3635 88

179 3656 212 3702 28
230 3653 375 3702 miseranda
385 3651 551 3715 visaLvulg.
647 3668 680 3714 29
697 3668 738 3702 me
750 3653 854 3715 quidem
865 3651 901 3700 Le
913 3653 981 3715 vulg.
1080 3666 1114 3714 30
1132 3667 1186 3701 non

179 3734 237 3767 cum
250 3719 285 3766 Le
297 3717 363 3781 ναῖς.
379 3719 442 3780 (‘sic
452 3732 536 3766 omnes
547 3716 625 3767 codd!
636 3717 745 3779 Ellendt)
757 3736 763 3768 ε
780 3733 839 3766 nam
851 3733 909 3766 cum
921 3717 1045 3767 Fn'edn'ch
