2648 4216
46 361 51 367 1
108 291 143 352 15
156 289 187 352 ⁶⁷
480 280 523 340 M.
546 279 674 338 rvnm
696 279 928 342 crcaaoms

203 456 350 519 orator-‚
367 465 436 506 cum
451 447 516 507 Sex.
530 446 684 525 Pompeio,
695 447 812 508 erudito
827 447 950 510 homine
964 448 995 509 in
1006 448 1206 528 philosophia,

203 541 430 603 communicarit
440 563 449 617 ;
479 544 539 603 hoc
557 545 691 621 profecto
710 543 818 605 efficiet
838 556 880 619 ut,
900 565 1123 624 quamcumque
1144 567 1208 607 rem

202 659 221 699 a
235 658 358 717 quoquo
373 640 553 717 cognoverit,
568 643 608 701 de
622 660 659 701 ea
673 643 768 702 multo
789 641 871 702 dicat
893 642 1026 704 ornatius
1047 664 1139 722 quam
1158 643 1208 705 ille

156 746 187 796 68
201 735 274 813 ipse,
290 738 372 798 unde
386 737 528 814 cognorit.
566 739 627 799 Sed
641 737 666 798 si
678 759 726 799 me
736 738 846 812 audiet,
858 738 1002 816 quoniam
1017 741 1208 819 philosophia

202 831 233 893 in
252 833 303 894 tris
322 832 414 911 partis
433 845 479 895 est
499 833 617 908 tributa,
633 834 664 894 in
684 847 806 896 naturae
827 835 1048 911 obscuritatem,
1063 837 1096 897 in
1116 837 1235 912 disse5

202 929 287 991 rendi
315 931 517 1005 subtilitatem,
543 931 574 992 in
598 931 690 992 vitam
714 945 804 1010 atque
827 954 934 1007 mores,
958 936 1020 994 duo
1048 934 1099 995 illa
1122 935 1208 995 relin-

202 1047 329 1104 quamus
356 1040 448 1106 atque
475 1028 632 1106 largiamur
659 1028 782 1090 inertiae
810 1042 947 1104 nostrae;
978 1030 1098 1091 tertium
1126 1052 1205 1106 vero,

202 1127 285 1202 quod
307 1146 425 1204 semper
447 1125 571 1187 oratoris
593 1126 657 1200 fuit,
673 1126 730 1187 nisi
751 1127 929 1200 tenebimus,
946 1127 1020 1188 nihil
1042 1128 1159 1202 oratori,
1174 1128 1207 1189 in

155 1226 188 1292 69
201 1241 263 1300 quo
277 1244 402 1301 magnus
417 1244 483 1285 esse
501 1223 603 1302 possit,
619 1224 828 1303 relinquemus.
873 1227 943 1302 Qua
957 1246 988 1286 re
1005 1224 1055 1286 hic
1068 1227 1152 1286 locus
1167 1227 1207 1287 de

200 1321 261 1381 vita
274 1333 304 1382 et
318 1321 451 1383 moribus
465 1333 546 1383 totus
560 1333 605 1383 est
616 1322 723 1384 oratori
739 1323 972 1399 perdiscendus3
992 1334 1090 1383 cetera
1104 1323 1129 1383 si
1143 1344 1205 1383 non
1222 1348 1253 1385 10

201 1418 345 1494 didicerit,
362 1432 463 1480 tamen
477 1420 593 1498 poterit,
604 1420 629 1481 si
642 1421 766 1498 quando
780 1441 856 1498 opus
870 1420 933 1494 erit,
945 1440 1051 1481 ornare
1065 1420 1205 1494 dicendo,

152 1519 188 1577 16
201 1515 226 1576 si
254 1518 346 1577 modo
373 1519 413 1579 ad
441 1537 511 1578 eum
539 1529 625 1579 erunt
650 1519 749 1579 delata
772 1529 802 1578 et
826 1517 854 1579 ei
878 1517 993 1578 tradita
1037 1516 1158 1578 Etenim
1181 1517 1207 1577 si

201 1626 318 1674 constat
340 1614 417 1675 inter
438 1617 554 1689 doctos,
570 1615 725 1676 hominem
744 1615 879 1693 ignarum
893 1615 1070 1693 astrologiae
1084 1614 1207 1675 ornatis

201 1709 283 1771 simis
304 1722 395 1789 atque
417 1711 539 1789 optimis
562 1711 697 1773 versibus
721 1715 846 1772 Aratum
874 1713 914 1773 de
941 1714 1026 1772 caelo
1053 1711 1206 1789 stellisque

201 1807 328 1881 dixisse3
348 1808 373 1868 si
384 1810 423 1870 de
437 1809 526 1869 rebus
537 1808 652 1869 rusticis
666 1808 821 1869 hominem
835 1809 875 1868 ab
888 1828 959 1886 agro
973 1807 1205 1876 remotissimum
1223 1827 1251 1878 ¹5

202 1905 388 1967 Nicandrum
411 1905 636 1983 Colophonium
664 1905 783 1983 poetica
809 1907 941 1983 quadam
968 1907 1116 1979 facultate,
1143 1926 1205 1966 non

82 2021 93 2039 ⁸
106 1990 109 1997 ¹
200 2002 317 2076 rustica,
329 2001 481 2080 scripsisse
491 2004 648 2080 praeclare,
661 2002 735 2080 quid
749 2014 794 2063 est
808 2023 861 2063 cur
874 2023 937 2062 non
951 2013 1050 2064 orator
1063 2004 1103 2064 de
1116 2004 1205 2063 rebus

200 2100 243 2160 eis
257 2098 500 2177 eloquentissime
514 2099 603 2173 dicat,
619 2119 693 2177 quas
711 2100 751 2160 ad
765 2111 876 2160 certam
891 2120 1012 2160 causam
1027 2111 1206 2177 tempusque

156 2221 187 2273 70
200 2196 359 2275 cognorit?
400 2200 454 2257 Est
469 2197 549 2257 enirn
564 2196 707 2258 finitimus
726 2196 835 2257 oratori
849 2209 946 2275 poeta,
962 2197 1094 2258 numeris
1107 2197 1206 2258 astric-

200 2294 257 2356 tior
278 2296 377 2373 paulo‚
403 2295 561 2355 verborum
583 2306 684 2355 autern
708 2293 829 2355 licentia
852 2294 980 2369 liberior,
1006 2293 1107 2355 multis
1135 2314 1206 2355 vero
1221 2315 1250 2350 ιο

200 2392 327 2453 ornandi
348 2392 506 2470 generibus
531 2391 630 2453 socius
651 2412 688 2452 ac
709 2412 806 2470 paene
830 2412 902 2470 par;
935 2391 967 2452 in
995 2393 1055 2452 hoc
1082 2391 1205 2469 quidem

200 2503 279 2551 certe
311 2510 405 2568 prope
436 2489 526 2563 idem,
556 2488 644 2549 nullis
677 2500 709 2549 ut
742 2488 876 2550 terminis
904 2489 1127 2551 circumscribat
1154 2500 1206 2548 aut

200 2587 322 2650 definiat
337 2589 382 2648 ius
397 2608 493 2660 suum,
509 2606 571 2665 quo
590 2585 689 2647 minus
711 2585 740 2647 ei
759 2586 846 2648 liceat
869 2589 976 2649 eadem
995 2587 1046 2647 illa
1066 2588 1207 2647 facultate

155 2705 183 2758 71
200 2697 229 2746 et
259 2685 347 2763 copia
373 2684 471 2761 vagari
499 2704 559 2762 qua
585 2683 663 2744 velit.
721 2686 801 2745 Nam
829 2686 913 2762 quod
940 2684 1024 2759 illud,
1053 2685 1205 2756 Scaevola,

200 2782 313 2860 negasti
332 2793 361 2842 te
380 2780 471 2841 fuisse
491 2783 628 2854 laturum,
644 2781 701 2842 nisi
720 2781 752 2843 in
772 2803 841 2843 meo
858 2802 950 2861 regno
964 2801 1054 2855 esses,
1070 2782 1153 2858 quod
1174 2778 1206 2840 in
1222 2803 1250 2853 ²5

199 2880 282 2940 omni
306 2899 415 2956 genere
431 2879 584 2952 sermonis
601 2879 632 2939 in
655 2880 739 2940 omni
762 2893 845 2959 parte
866 2878 1060 2941 humanitatis
1081 2876 1206 2939 dixerim

200 2987 346 3036 oratorem
361 2977 526 3053 perfectum
541 2996 606 3036 esse
617 2977 746 3038 debere:
768 2996 934 3055 numquam
948 2997 998 3037 me
1012 2976 1133 3036 hercule
1146 2975 1206 3034 hoc

199 3072 338 3144 dicerem,
363 3071 388 3131 si
416 3093 494 3146 eum,
520 3094 611 3152 quem
636 3075 727 3151 fingo,
753 3094 803 3135 me
826 3073 926 3152 ipsum
953 3094 1020 3134 esse
1041 3071 1203 3132 arbitrarer.

156 3196 190 3246 7²,
199 3171 268 3242 Sed,
280 3180 313 3229 ut
328 3172 443 3232 solebat
455 3174 489 3234 C.
502 3171 635 3233 Lucilius
645 3192 735 3250 saepe
749 3172 857 3246 dicere,
870 3176 963 3233 bomo
977 3169 1032 3231 tibi
1046 3168 1203 3240 subiratus,

200 3265 273 3326 mihi
303 3280 424 3346 propter
456 3289 522 3330 eam
555 3268 651 3347 ipsam
685 3289 806 3330 causam
838 3269 938 3330 minus
966 3287 1057 3345 quarn
1085 3265 1205 3325 volebat
1220 3289 1252 3338 30

199 3363 358 3439 familiaris,
383 3368 437 3428 sed
459 3379 559 3428 tamen
582 3379 612 3428 et
635 3369 743 3429 doctus
767 3378 798 3429 et
821 3367 1014 3446 perurbanus,
1040 3363 1084 3424 sic
1108 3361 1205 3424 sentio

234 3520 266 3569 M
271 3521 350 3571 :HE
464 3538 479 3584 3
496 3538 600 3585 quoque
615 3521 637 3570 L
737 3538 770 3584 24
788 3539 845 3572 narn
857 3523 926 3586 quod
943 3522 1073 3570 Tosanuse
1095 3535 1205 3581 namque

200 3585 399 3702 ἔέἰιυὲαιὲἴᾰι
416 3587 479 3638 illud
485 3604 536 3651 qua
545 3605 574 3638 re
585 3587 666 3638 codd:
682 3587 745 3650 illud
756 3588 830 3652 quasi
841 3589 896 3638 iure
903 3587 1022 3690 En'edn'ch
1033 3603 1039 3635 ε
1057 3584 1121 3635 illud
1132 3584 1206 3647 quasi
