2648 4216
444 273 503 332 na
525 271 731 334 onnroaa
773 273 789 333 1
1136 283 1235 349 naa

117 440 165 499 Ac
186 437 212 500 si
234 458 299 513 nos,
319 437 351 501 id
373 440 456 518 quod
475 439 604 500 maxime
625 440 724 515 debet,
747 451 848 502 nostra
868 438 963 519 patria
984 441 1121 515 delectat,
1140 445 1187 511 ¹9⁶

117 535 203 597 cuius
217 535 259 596 rei
273 547 356 597 tanta
369 548 414 597 est
427 535 472 597 vis
492 556 529 597 ac
549 546 632 596 tanta
653 548 765 610 natura,
781 547 814 598 ut
836 539 971 598 Ithacam
990 536 1072 597 illam
1090 536 1122 597 in

116 631 286 712 asperrimis
299 632 407 694 saxulis
421 644 575 712 tamquam
594 631 731 694 nidulum
744 635 873 694 adfixam
887 633 1123 712 sapientissimus

116 728 162 789 vir
175 728 389 791 immortalitati
402 741 606 808 anteponeret,
617 749 680 808 quo
693 750 796 791 amore
809 732 930 792 tandem
945 729 1122 791 inflammati

88 846 184 900 5esse
204 827 351 888 debemus
371 826 403 887 in
423 826 488 888 eius
508 826 592 888 modi
613 826 747 905 patriam,
762 847 841 906 quae
859 847 920 888 una
935 827 966 888 in
980 827 1122 889 omnibus

117 923 201 984 terris
215 924 324 984 domus
341 935 387 984 est
400 922 524 998 virtutis,
539 922 653 1001 imperi,
669 923 842 1001 dignitatis?
883 923 977 986 Cuius
991 924 1121 1002 primum

117 1019 206 1082 nobis
228 1041 323 1094 mens,
345 1040 420 1095 mos,
436 1020 594 1100 disciplina
615 1032 688 1082 nota
708 1041 775 1083 esse
796 1021 895 1095 debet,
916 1023 964 1082 vel
986 1020 1057 1100 quia
1076 1032 1123 1082 est

116 1117 212 1197 patria
234 1138 343 1197 parens
366 1119 502 1180 omnium
530 1130 674 1192 nostrum,
702 1121 749 1179 vel
777 1118 848 1197 quia
874 1131 957 1180 tanta
977 1117 1122 1197 sapientia

116 1215 208 1277 luisse
227 1215 258 1276 in
276 1215 341 1277 iure
361 1215 573 1277 constituendo
594 1217 728 1294 putanda
749 1228 795 1276 est
815 1227 928 1295 quanta
949 1215 1004 1277 fuit
1022 1215 1054 1277 in
1074 1215 1121 1277 his

72 1337 103 1372 lo
116 1311 207 1375 tantis
226 1313 334 1392 opibus
352 1313 459 1393 imperi
480 1313 697 1392 comparandis
741 1313 912 1392 Percipietis
929 1314 1019 1375 etiam
1039 1313 1120 1375 illam
1138 1333 1184 1390 ¹9⁷

116 1430 154 1471 ex
167 1410 339 1489 cognitione
359 1411 429 1473 iuris
452 1410 593 1473 laetitiam
615 1423 644 1472 et
658 1412 851 1489 voluptatem,
866 1413 958 1490 quod,
974 1424 1119 1490 quantum

116 1508 314 1586 praestiterint
335 1508 427 1570 nostri
449 1509 576 1570 maiores
596 1509 755 1587 prudentia
775 1509 880 1570 ceteris
893 1509 1040 1586 gentibus,
1055 1521 1120 1569 tum

115 1605 256 1666 facillime
270 1605 456 1684 intellegetis,
471 1606 497 1668 si
511 1626 581 1667 cum
596 1605 714 1667 illorum
736 1608 872 1683 Lycurgo
886 1617 916 1666 et
931 1608 1070 1667 Dracone
1089 1617 1119 1666 et

116 1704 229 1764 Solone
256 1715 371 1765 nostras
398 1706 479 1782 leges
506 1706 640 1765 conferre
667 1702 837 1778 volueritis3
870 1701 1044 1764 incredibile
1074 1714 1119 1765 est

72 1824 100 1874 15
115 1800 206 1874 enim,
222 1821 313 1880 quam
328 1801 365 1862 sit
379 1822 471 1863 omne
488 1801 535 1862 ius
554 1801 640 1863 civile
660 1813 776 1879 praeter
793 1803 853 1863 hoc
869 1812 1003 1862 nostrum
1017 1799 1120 1861 incon·

115 1897 213 1959 ditum
223 1919 260 1959 ac
267 1919 364 1976 paene
374 1899 532 1960 ridiculum
542 1921 552 1974 ;
564 1900 604 1959 de
612 1917 674 1976 quo
685 1900 779 1959 multa
788 1900 872 1958 soleo
886 1896 916 1958 in
931 1896 1119 1958 sermonibus

115 1995 273 2057 cotidianis
301 1996 409 2070 dicere,
437 2016 507 2057 cum
534 1995 692 2057 hominum
725 2007 893 2056 nostrorum
929 1993 1118 2073 prudentiam

115 2093 221 2155 ceteris
234 2093 375 2155 omnibus
389 2106 419 2155 et
441 2092 569 2154 maxime
590 2091 712 2154 Graecis
730 2103 890 2170 antepono.
935 2091 995 2152 His
1009 2111 1065 2169 ego
1079 2091 1118 2151 de

114 2189 212 2251 causis
240 2189 380 2264 dixeram,
407 2192 558 2264 Scaevola,
583 2189 635 2263 eis,
665 2188 716 2269 qui
744 2188 867 2267 perfecti
894 2200 1025 2249 oratores
1052 2207 1118 2248 esse

68 2313 100 2348 20
113 2288 233 2361 vellent,
248 2287 319 2348 iuris
332 2287 426 2349 civilis
440 2308 505 2350 esse
519 2287 721 2366 cognitionem
736 2285 939 2347 necessariam.

157 2385 222 2444 Iam
249 2404 320 2446 vero
347 2384 412 2463 ipsa
439 2405 492 2463 per
521 2405 587 2446 sese
614 2394 760 2462 quantum
787 2385 901 2444 adferat
929 2382 980 2456 eis,
1009 2381 1062 2460 qui
1089 2381 1117 2442 ei
1131 2357 1172 2416 ⁴⁵

113 2493 263 2558 praesunt,
279 2481 410 2555 honoris,
425 2481 543 2560 gratiae,
559 2480 719 2559 dignitatis,
735 2480 801 2558 quis
820 2479 959 2557 ignorat?
1000 2482 1115 2558 Itaque,
1135 2449 1183 2513 ¹⁹⁸

114 2588 148 2638 ut
168 2581 251 2657 apud
269 2581 401 2640 Graecos
419 2578 514 2640 infimi
536 2578 675 2640 homines
702 2579 873 2639 mercedula
894 2576 1017 2638 adducti
1033 2576 1118 2637 mini-

113 2687 190 2736 stros
206 2696 239 2737 se
257 2678 402 2754 praebent
424 2676 455 2738 in
479 2676 597 2739 iudiciis
619 2675 794 2748 oratoribus,
818 2674 854 2748 ei,
874 2674 926 2752 qui
946 2676 1029 2751 apud
1049 2674 1116 2736 illos

67 2805 98 2853 ²5
112 2776 304 2855 πραγματικοί
313 2785 465 2848 vocantur,
481 2774 524 2835 sic
545 2774 577 2834 in
599 2785 700 2864 nostra
721 2772 838 2833 civitate
857 2782 961 2833 contra
973 2771 1116 2850 amplissi-

112 2890 181 2932 mus
201 2871 328 2950 quisque
349 2884 379 2933 et
403 2871 582 2933 clarissimus
604 2871 655 2945 vir,
679 2882 712 2931 ut
736 2869 794 2944 ille,
818 2869 870 2948 qui
893 2881 1014 2947 propter
1037 2871 1115 2930 hanc

112 2965 183 3028 iuris
197 2968 291 3031 civilis
304 2968 459 3030 scientiam
474 2969 517 3031 sic
531 2970 696 3047 appellatus
710 2988 728 3028 a
742 2987 861 3028 summo
875 2978 965 3044 poeta
978 2978 1040 3027 est:

234 3066 349 3145 egregie
370 3069 509 3129 cordatus
529 3069 630 3140 homo,
654 3076 737 3126 catus
757 3064 861 3126 Aelius
882 3067 997 3139 SextuS,

111 3161 259 3241 multique
280 3176 439 3242 praeterea,
463 3163 524 3243 qui,
547 3184 617 3225 cum
639 3162 759 3241 ingenio
787 3162 845 3224 sibi
872 3174 994 3223 auctore
1021 3161 1115 3240 digni-

64 3285 98 3335 30
110 3270 203 3320 tatem
239 3261 431 3339 peperissent,
460 3264 646 3340 perfecerunt
677 3272 710 3322 ut
741 3260 773 3321 in
805 3261 1017 3338 respondendo
1051 3260 1114 3322 iure

109 3357 286 3420 auctoritate
304 3361 372 3437 plus
393 3359 483 3419 etiarn
503 3378 593 3436 quam
613 3357 680 3436 ipso
700 3356 821 3435 ingenio
841 3359 980 3418 valerent
1024 3359 1182 3426 Sene-199

142 3527 176 3574 29
199 3517 303 3560 auctore
327 3511 476 3571 dignitatem
497 3510 581 3559 rodda
611 3510 789 3560 auctoritatem
813 3508 960 3558 Manutius:
983 3518 1113 3560 auctorum

108 3577 260 3639 dignitatem
267 3575 384 3625 nutam
398 3583 503 3625 auctore
510 3575 648 3625 delevemnt
655 3575 709 3624 edd.
718 3591 769 3624 non
780 3576 847 3624 nulli
934 3575 968 3636 30
985 3578 1113 3638 repperis·

107 3649 168 3691 sent
176 3641 245 3693 codd.
258 3659 265 3691 ε
281 3657 342 3690 corr.
360 3639 481 3690 Matthias

141 3739 191 3774 cic.
206 3739 240 3773 or
249 3738 328 3774 ossa.
997 3723 1013 3770 l
