2648 4216
437 243 495 303 on
516 242 726 305 ormena·
762 243 800 308 ,11
840 303 842 307 ,
1136 244 1243 324 ,sm

118 429 195 485 mus,
210 421 279 488 post
297 420 331 471 ut
344 429 411 470 eam
429 410 592 489 probemus
607 407 715 469 nostris
729 407 884 488 praesidiis
898 408 1120 483 confirmandis,

117 505 272 566 contrariis
293 504 465 579 refutandis,
481 504 592 566 deinde
606 516 640 565 ut
657 507 874 566 concludamus
891 521 982 583 atque
1001 506 1043 567 ita
1059 526 1123 584 per·

118 618 248 674 oremus,
262 600 322 658 hoc
336 597 458 659 dicendi
472 609 578 658 natura
591 597 657 676 ipsa
670 597 864 676 praescribit3
884 609 918 658 ut
931 617 1002 659 vero
1016 609 1124 659 statua·
1139 609 1187 671 308

119 714 252 767 musea,
278 714 356 772 quae
377 694 527 773 probandi
551 705 581 755 et
610 693 741 755 docendi
765 714 856 755 causa
887 694 1018 756 dicenda
1044 705 1123 768 sunt,

88 818 104 870 5
120 810 210 869 quem
224 793 264 852 ad
278 793 404 852 modum
418 811 647 870 componamus,
660 791 693 852 id
707 802 752 852 est
766 794 813 852 vel
828 790 957 853 maxime
970 790 1124 870 proprium

119 889 243 950 oratoris
272 889 455 968 prudentiae.
501 892 600 950 Multa
628 888 709 951 enim
742 900 902 950 occurrunt
930 901 1105 968 argumenta
1115 911 1124 964 ;

119 990 224 1063 multa,
246 1008 324 1065 quae
345 988 376 1048 in
397 987 529 1050 dicendo
557 990 711 1066 profutura
731 988 906 1065 videantur;
941 991 994 1051 sed
1019 1009 1123 1050 eorum

118 1086 227 1167 partim
241 1087 283 1148 ita
296 1087 373 1149 levia
387 1098 464 1162 sunt,
477 1099 510 1148 ut
524 1089 748 1149 contemnenda
762 1088 821 1149 sint
834 1111 843 1163 ς
862 1088 980 1168 partim,
994 1088 1084 1149 etiarn
1099 1087 1122 1148 si

120 1184 194 1263 quid
211 1186 324 1246 habent
342 1185 517 1260 adiumenti,
534 1197 604 1246 sunt
625 1205 687 1246 non
706 1205 873 1264 numquam
889 1186 954 1247 eius
975 1185 1069 1260 modi,
1089 1196 1123 1245 ut

76 1307 108 1344 ιο
120 1282 191 1350 insit
208 1282 239 1343 in
258 1282 301 1343 eis
317 1281 431 1360 aliquid
450 1282 503 1342 viti
517 1303 617 1361 neque
636 1282 711 1344 tanti
730 1282 768 1343 sit
785 1283 867 1357 illud,
884 1285 967 1361 quod
980 1283 1124 1361 prodesse

119 1380 262 1454 videatur,
288 1392 322 1441 ut
346 1401 415 1441 cum
439 1381 541 1458 aliquo
565 1382 646 1442 malo
668 1379 865 1459 coniungatur
876 1403 885 1455 3
915 1400 993 1459 quae
1022 1391 1122 1441 autern
1138 1399 1189 1450 309

119 1476 204 1562 utilia
224 1489 294 1538 sunt
314 1489 405 1556 atque
426 1480 519 1553 firma,
542 1478 568 1538 si
596 1498 632 1539 ea
661 1489 773 1552 tamen,
800 1489 834 1538 ut
862 1498 951 1556 saepe
972 1480 1015 1553 fit,
1036 1480 1124 1540 valde

114 1577 215 1635 *multa
237 1588 315 1650 sunt,
345 1596 389 1650 ea,
415 1597 493 1654 quae
514 1597 551 1636 ex
578 1575 621 1637 eis
647 1587 700 1636 aut
724 1574 873 1636 levissima
895 1587 965 1636 sunt
984 1586 1037 1636 aut
1057 1574 1122 1636 aliis

117 1672 302 1753 gravioribus
322 1673 500 1748 consimilia,
528 1673 642 1735 secerni
662 1673 788 1734 arbitror
808 1684 945 1750 oportere
973 1684 1064 1750 atque
1085 1693 1122 1734 ex

74 1796 105 1847 15
119 1771 254 1832 oratione
274 1771 439 1832 removeri:
460 1771 601 1850 equidem
618 1791 688 1831 cum
702 1770 821 1848 conligo
834 1782 1008 1848 argumenta
1021 1790 1123 1831 causa·
1134 1818 1172 1879 77

120 1889 197 1944 rum,
210 1889 283 1929 non
311 1881 373 1930 tarn
401 1890 437 1930 ea
463 1889 619 1929 numerare
643 1870 727 1929 soleo
748 1888 841 1945 quam
862 1869 1038 1947 expendere
1082 1871 1122 1929 Et
1137 1908 1184 1957 310

120 1965 273 2050 quoniam,
295 1970 379 2045 quod
403 1967 572 2045 saepeiam
597 1965 666 2040 dixi,
693 1965 797 2027 tribus
811 1965 901 2046 rebus
925 1964 1062 2026 homines
1082 1966 1123 2026 ad

120 2075 253 2128 nostram
282 2064 460 2129 sententiam
482 2062 681 2140 perducimus,
707 2074 759 2123 aut
786 2064 927 2124 docendo
950 2074 1002 2123 aut
1025 2062 1125 2123 conci-

118 2160 296 2224 ·liandoaut
316 2161 532 2240 permovendo,
552 2179 613 2220 una
634 2181 671 2243 er
693 2160 787 2220 tribus
806 2160 853 2221 his
876 2159 965 2220 rebus
986 2180 1033 2223 res
1054 2180 1124 2238 prae

76 2283 108 2318 πο
121 2257 209 2318 nobis
224 2269 269 2319 est
283 2260 414 2331 serenda,
429 2268 462 2316 ut
475 2256 550 2319 nihil
564 2257 646 2318 aliud
661 2257 718 2317 nisi
736 2259 846 2318 docere
860 2258 936 2317 velle
949 2256 1124 2333 videamur,

116 2354 252 2433 reliquae
269 2356 355 2428 duae,
370 2352 458 2414 sicuti
475 2352 594 2431 sanguis
615 2352 647 2413 in
667 2353 850 2433 corporibus,
867 2354 910 2414 sic
929 2354 997 2416 illae
1015 2355 1046 2432 in
1061 2375 1124 2434 per-

120 2452 218 2532 petuis
232 2450 416 2517 orationibus
430 2453 514 2512 fusae
528 2471 594 2511 esse
608 2451 764 2516 debebunt
775 2472 784 2525 3
795 2471 876 2512 nam
890 2463 921 2512 et
934 2451 1080 2529 principia
1093 2464 1124 2513 et

116 2561 237 2617 ceterae
257 2560 356 2627 partes
377 2547 527 2622 orationis,
544 2549 584 2608 de
604 2548 715 2626 quibus
731 2551 823 2626 paulo
843 2560 912 2626 post
924 2568 1026 2627 pauca
1042 2548 1124 2624 dice·
1167 2572 1172 2579 ·

121 2667 197 2720 mus,
213 2647 324 2711 habere
344 2648 423 2706 hanc
442 2645 503 2704 vim
522 2665 632 2724 magno
651 2665 742 2724 opere
762 2647 885 2719 debent,
905 2657 939 2708 ut
958 2647 1000 2707 ad
1018 2665 1123 2706 eorum

76 2767 106 2818 25
121 2743 238 2818 mentis,
254 2745 336 2822 apud
349 2763 426 2822 quos
440 2755 551 2821 agetur,
563 2745 728 2806 movendas
743 2744 886 2821 perterrere
895 2743 1018 2821 possint
1063 2745 1123 2804 Sed
1139 2760 1183 2808 311

118 2841 167 2902 his
183 2826 317 2921 partibus
331 2839 474 2901 orationis
488 2859 574 2918 quae,
589 2839 645 2900 etsi
660 2839 735 2900 nihil
750 2842 862 2903 docent
876 2843 1121 2919 argumentando,

120 2940 330 3016 persuadendo
351 2949 452 2998 tamen
476 2948 507 2997 et
531 2938 754 2998 commovendo
774 2936 936 3015 perficiunt¹
952 2937 1122 3016 plurimum,
1164 2968 1168 2977 «

120 3056 303 3113 quamquam
324 3034 454 3097 maxime
473 3033 609 3112 proprius
630 3044 676 3094 est
696 3035 781 3094 locus
797 3046 828 3095 et
847 3034 878 3094 in
897 3034 1080 3097 exordiendo
1093 3048 1124 3096 et

116 3132 152 3203 ¹in
166 3135 342 3211 perorando,
358 3130 473 3217 digredi
487 3143 588 3196 tamen
606 3132 646 3191 ab
665 3151 712 3205 eo,
728 3134 811 3209 quod
830 3132 1019 3210 proposueris
1032 3144 1124 3211 atque

74 3255 109 3306 3⁰
120 3251 200 3310 agas,
229 3232 500 3309 permovendorum
527 3229 697 3318 animorum
725 3249 816 3290 causa
843 3250 932 3308 saepe
959 3231 1032 3305 utile
1060 3241 1123 3307 est3

154 3387 187 3435 M
196 3385 313 3435 =AEH
404 3400 424 3450 ‘3
440 3385 622 3449 genusnat.L
694 3383 932 3448 4depr0bandiM
937 3404 943 3437 ε
960 3394 987 3436 et
998 3387 1123 3448 probandi

120 3453 342 3501 moluitFn'edn'clr
419 3460 482 3514 9ut
493 3467 570 3514 quam
582 3450 628 3500 M:
645 3466 720 3513 quam
733 3449 798 3500 utR
877 3454 908 3500 16
924 3453 1054 3513 quomA:
1073 3459 1125 3500 ute

122 3534 151 3580 17
170 3516 288 3567 homines
299 3533 352 3567 mc.
365 3534 434 3566 unus
444 3517 483 3566 vel
492 3518 557 3567 duo:
576 3533 667 3566 omnes
678 3515 746 3565 codd.
826 3531 857 3582 25
874 3524 965 3578 agetur
977 3518 1000 3566 L
1066 3532 1123 3581 per·

120 3583 203 3631 tinere
216 3581 306 3643 Sorof:
324 3597 474 3644 permovere
486 3583 530 3632 u:
549 3580 738 3646 permanareL
777 3586 778 3589 ’
794 3580 942 3643 possentM
952 3580 1023 3646 (31¹)
1091 3597 1122 3644 ²7

119 3647 256 3710 proficiunt
267 3645 313 3694 [λι
322 3662 354 3708 32
772 3661 773 3665 ’

152 3744 201 3780 cre.
215 3744 249 3778 oa
261 3744 338 3779 om.
1027 3731 1056 3778 11
