<?xml version="1.0" encoding="UTF-8"?>
<!DOCTYPE html PUBLIC "-//W3C//DTD XHTML 1.0 Transitional//EN"
    "http://www.w3.org/TR/xhtml1/DTD/xhtml1-transitional.dtd">
<html xmlns="http://www.w3.org/1999/xhtml" xml:lang="en" lang="en">
 <head>
  <title>
</title>
<meta http-equiv="Content-Type" content="text/html;charset=utf-8" />
  <meta name='ocr-system' content='tesseract 3.04.00' />
  <meta name='ocr-capabilities' content='ocr_page ocr_carea ocr_par ocr_line ocrx_word'/>
</head>
<body>
  <div class='ocr_page' id='page_1' title='image "./mtvlliciceronis01wilkgoog/mtvlliciceronis01wilkgoog_0206.png"; bbox 0 0 2648 4216; ppageno 0'>
   <div class='ocr_carea' id='block_1_1' title="bbox 441 255 1232 332">
    <p class='ocr_par' dir='ltr' id='par_1_1' title="bbox 441 255 1232 332">
     <span class='ocr_line' id='line_1_1' title="bbox 441 255 1232 332; baseline 0.001 -17"><span class='ocrx_word' id='word_1_1' title='bbox 441 255 500 317; x_wconf 84' lang='lat' dir='ltr'>oa</span> <span class='ocrx_word' id='word_1_2' title='bbox 522 255 730 318; x_wconf 70' lang='lat' dir='ltr'>oratoru</span> <span class='ocrx_word' id='word_1_3' title='bbox 773 256 825 316; x_wconf 93' lang='lat'>111</span> <span class='ocrx_word' id='word_1_4' title='bbox 1154 266 1232 332; x_wconf 65' lang='lat'><strong>1⁷⁶3</strong></span> 
     </span>
    </p>
   </div>
   <div class='ocr_carea' id='block_1_2' title="bbox 77 421 1185 3322">
    <p class='ocr_par' dir='ltr' id='par_1_2' title="bbox 128 421 1139 691">
     <span class='ocr_line' id='line_1_2' title="bbox 128 421 1139 503; baseline 0.003 -21"><span class='ocrx_word' id='word_1_5' title='bbox 128 421 337 502; x_wconf 88' lang='lat' dir='ltr'><strong>philosophiae</strong></span> <span class='ocrx_word' id='word_1_6' title='bbox 354 424 405 484; x_wconf 85' lang='lat' dir='ltr'>fiet</span> <span class='ocrx_word' id='word_1_7' title='bbox 424 421 530 483; x_wconf 87' lang='lat' dir='ltr'>iniuria</span> <span class='ocrx_word' id='word_1_8' title='bbox 547 442 566 482; x_wconf 91' lang='lat' dir='ltr'>a</span> <span class='ocrx_word' id='word_1_9' title='bbox 585 422 694 498; x_wconf 85' lang='lat' dir='ltr'>nobis3</span> <span class='ocrx_word' id='word_1_10' title='bbox 715 443 777 484; x_wconf 90' lang='lat' dir='ltr'>non</span> <span class='ocrx_word' id='word_1_11' title='bbox 791 423 872 485; x_wconf 88' lang='lat' dir='ltr'>enirn</span> <span class='ocrx_word' id='word_1_12' title='bbox 887 427 1045 503; x_wconf 87' lang='lat' dir='ltr'>repelletur</span> <span class='ocrx_word' id='word_1_13' title='bbox 1058 423 1139 500; x_wconf 91' lang='lat' dir='ltr'>inde,</span> 
     </span>
     <span class='ocr_line' id='line_1_3' title="bbox 128 519 1136 598; baseline 0.001 -19"><span class='ocrx_word' id='word_1_14' title='bbox 128 539 190 597; x_wconf 92' lang='lat' dir='ltr'>quo</span> <span class='ocrx_word' id='word_1_15' title='bbox 211 520 332 598; x_wconf 86' lang='lat' dir='ltr'>adgredi</span> <span class='ocrx_word' id='word_1_16' title='bbox 354 520 465 598; x_wconf 88' lang='lat' dir='ltr'>cupiet,</span> <span class='ocrx_word' id='word_1_17' title='bbox 485 521 540 581; x_wconf 95' lang='lat' dir='ltr'>sed</span> <span class='ocrx_word' id='word_1_18' title='bbox 560 520 591 580; x_wconf 91' lang='lat' dir='ltr'>in</span> <span class='ocrx_word' id='word_1_19' title='bbox 613 520 739 581; x_wconf 88' lang='lat' dir='ltr'>hortulis</span> <span class='ocrx_word' id='word_1_20' title='bbox 759 519 894 598; x_wconf 90' lang='lat' dir='ltr'>quiescet</span> <span class='ocrx_word' id='word_1_21' title='bbox 914 521 984 596; x_wconf 88' lang='lat' dir='ltr'>suis,</span> <span class='ocrx_word' id='word_1_22' title='bbox 999 521 1052 582; x_wconf 92' lang='lat' dir='ltr'>ubi</span> <span class='ocrx_word' id='word_1_23' title='bbox 1066 523 1136 594; x_wconf 86' lang='lat' dir='ltr'>vult,</span> 
     </span>
     <span class='ocr_line' id='line_1_4' title="bbox 128 617 1136 691; baseline 0.002 -15"><span class='ocrx_word' id='word_1_24' title='bbox 128 617 181 678; x_wconf 89' lang='lat' dir='ltr'>ubi</span> <span class='ocrx_word' id='word_1_25' title='bbox 195 617 285 677; x_wconf 89' lang='lat' dir='ltr'>etiam</span> <span class='ocrx_word' id='word_1_26' title='bbox 300 618 446 678; x_wconf 85' lang='lat' dir='ltr'>recubans</span> <span class='ocrx_word' id='word_1_27' title='bbox 461 617 590 678; x_wconf 90' lang='lat' dir='ltr'>molliter</span> <span class='ocrx_word' id='word_1_28' title='bbox 604 629 634 679; x_wconf 88' lang='lat' dir='ltr'>et</span> <span class='ocrx_word' id='word_1_29' title='bbox 648 618 775 679; x_wconf 87' lang='lat' dir='ltr'>delicate</span> <span class='ocrx_word' id='word_1_30' title='bbox 789 636 846 678; x_wconf 89' lang='lat' dir='ltr'>nos</span> <span class='ocrx_word' id='word_1_31' title='bbox 859 629 965 678; x_wconf 85' lang='lat' dir='ltr'>avocat</span> <span class='ocrx_word' id='word_1_32' title='bbox 978 636 997 678; x_wconf 89' lang='lat' dir='ltr'>a</span> <span class='ocrx_word' id='word_1_33' title='bbox 1011 617 1136 691; x_wconf 88' lang='lat' dir='ltr'>Rostris,</span> 
     </span>
    </p>

    <p class='ocr_par' dir='ltr' id='par_1_3' title="bbox 99 713 1184 1279">
     <span class='ocr_line' id='line_1_5' title="bbox 128 713 1137 793; baseline 0.002 -20"><span class='ocrx_word' id='word_1_34' title='bbox 128 735 146 774; x_wconf 90' lang='lat' dir='ltr'>a</span> <span class='ocrx_word' id='word_1_35' title='bbox 173 713 300 790; x_wconf 90' lang='lat' dir='ltr'>iudiciis,</span> <span class='ocrx_word' id='word_1_36' title='bbox 327 735 346 775; x_wconf 86' lang='lat' dir='ltr'>a</span> <span class='ocrx_word' id='word_1_37' title='bbox 373 715 461 788; x_wconf 85' lang='lat' dir='ltr'>curia,</span> <span class='ocrx_word' id='word_1_38' title='bbox 485 717 610 776; x_wconf 80' lang='lat' dir='ltr'>sortasse</span> <span class='ocrx_word' id='word_1_39' title='bbox 638 715 794 793; x_wconf 87' lang='lat' dir='ltr'>sapienter,</span> <span class='ocrx_word' id='word_1_40' title='bbox 820 715 877 774; x_wconf 90' lang='lat' dir='ltr'>hac</span> <span class='ocrx_word' id='word_1_41' title='bbox 905 713 1076 792; x_wconf 87' lang='lat' dir='ltr'>praesertim</span> <span class='ocrx_word' id='word_1_42' title='bbox 1105 734 1137 775; x_wconf 90' lang='lat' dir='ltr'>re</span> 
     </span>
     <span class='ocr_line' id='line_1_6' title="bbox 99 810 1184 892; baseline 0 -20"><span class='ocrx_word' id='word_1_43' title='bbox 99 821 117 879; x_wconf 71' lang='lat'>5&#39;</span> <span class='ocrx_word' id='word_1_44' title='bbox 127 812 256 890; x_wconf 88' lang='lat' dir='ltr'>publica.</span> <span class='ocrx_word' id='word_1_45' title='bbox 297 816 410 874; x_wconf 87' lang='lat' dir='ltr'>Verum</span> <span class='ocrx_word' id='word_1_46' title='bbox 425 835 481 892; x_wconf 85' lang='lat' dir='ltr'>ego</span> <span class='ocrx_word' id='word_1_47' title='bbox 495 834 558 874; x_wconf 91' lang='lat' dir='ltr'>non</span> <span class='ocrx_word' id='word_1_48' title='bbox 572 832 684 891; x_wconf 88' lang='lat' dir='ltr'>quaero</span> <span class='ocrx_word' id='word_1_49' title='bbox 697 833 787 886; x_wconf 91' lang='lat' dir='ltr'>nunc,</span> <span class='ocrx_word' id='word_1_50' title='bbox 804 831 881 890; x_wconf 87' lang='lat' dir='ltr'>quae</span> <span class='ocrx_word' id='word_1_51' title='bbox 895 812 933 872; x_wconf 92' lang='lat' dir='ltr'>sit</span> <span class='ocrx_word' id='word_1_52' title='bbox 946 810 1137 889; x_wconf 84' lang='lat' dir='ltr'>philosophia</span> <span class='ocrx_word' id='word_1_53' title='bbox 1149 813 1184 878; x_wconf 82' lang='grc'>64</span> 
     </span>
     <span class='ocr_line' id='line_1_7' title="bbox 127 910 1137 991; baseline 0 -19"><span class='ocrx_word' id='word_1_54' title='bbox 127 911 290 989; x_wconf 85' lang='lat' dir='ltr'>verissima,</span> <span class='ocrx_word' id='word_1_55' title='bbox 304 916 358 974; x_wconf 91' lang='lat' dir='ltr'>sed</span> <span class='ocrx_word' id='word_1_56' title='bbox 372 933 450 991; x_wconf 88' lang='lat' dir='ltr'>quae</span> <span class='ocrx_word' id='word_1_57' title='bbox 464 912 573 975; x_wconf 86' lang='lat' dir='ltr'>oratori</span> <span class='ocrx_word' id='word_1_58' title='bbox 587 913 750 975; x_wconf 89' lang='lat' dir='ltr'>coniuncta</span> <span class='ocrx_word' id='word_1_59' title='bbox 768 912 917 987; x_wconf 78' lang='lat' dir='ltr'>maxime3</span> <span class='ocrx_word' id='word_1_60' title='bbox 944 931 1005 990; x_wconf 83' lang='lat' dir='ltr'>qua</span> <span class='ocrx_word' id='word_1_61' title='bbox 1019 931 1050 972; x_wconf 90' lang='lat' dir='ltr'>re</span> <span class='ocrx_word' id='word_1_62' title='bbox 1064 910 1137 972; x_wconf 90' lang='lat' dir='ltr'>istos</span> 
     </span>
     <span class='ocr_line' id='line_1_8' title="bbox 127 1006 1137 1086; baseline 0.001 -18"><span class='ocrx_word' id='word_1_63' title='bbox 127 1007 192 1070; x_wconf 89' lang='lat' dir='ltr'>sine</span> <span class='ocrx_word' id='word_1_64' title='bbox 206 1012 266 1070; x_wconf 88' lang='lat' dir='ltr'>ulla</span> <span class='ocrx_word' id='word_1_65' title='bbox 280 1011 462 1071; x_wconf 90' lang='lat' dir='ltr'>contumelia</span> <span class='ocrx_word' id='word_1_66' title='bbox 481 1010 685 1086; x_wconf 85' lang='lat' dir='ltr'>dimittamus3</span> <span class='ocrx_word' id='word_1_67' title='bbox 712 1021 783 1071; x_wconf 90' lang='lat' dir='ltr'>sunt</span> <span class='ocrx_word' id='word_1_68' title='bbox 803 1008 884 1070; x_wconf 91' lang='lat' dir='ltr'>enim</span> <span class='ocrx_word' id='word_1_69' title='bbox 899 1019 929 1069; x_wconf 90' lang='lat' dir='ltr'>et</span> <span class='ocrx_word' id='word_1_70' title='bbox 943 1006 1017 1068; x_wconf 94' lang='lat' dir='ltr'>boni</span> <span class='ocrx_word' id='word_1_71' title='bbox 1031 1006 1084 1067; x_wconf 85' lang='lat' dir='ltr'>viri</span> <span class='ocrx_word' id='word_1_72' title='bbox 1098 1019 1137 1083; x_wconf 92' lang='lat' dir='ltr'>et,</span> 
     </span>
     <span class='ocr_line' id='line_1_9' title="bbox 127 1107 1140 1186; baseline 0 -20"><span class='ocrx_word' id='word_1_73' title='bbox 127 1107 270 1183; x_wconf 88' lang='lat' dir='ltr'>quoniam</span> <span class='ocrx_word' id='word_1_74' title='bbox 292 1107 349 1168; x_wconf 90' lang='lat' dir='ltr'>sibi</span> <span class='ocrx_word' id='word_1_75' title='bbox 371 1108 412 1168; x_wconf 84' lang='lat' dir='ltr'>ita</span> <span class='ocrx_word' id='word_1_76' title='bbox 428 1108 577 1185; x_wconf 88' lang='lat' dir='ltr'>videntur,</span> <span class='ocrx_word' id='word_1_77' title='bbox 598 1108 697 1184; x_wconf 86' lang='lat' dir='ltr'>beati3</span> <span class='ocrx_word' id='word_1_78' title='bbox 727 1119 905 1186; x_wconf 86' lang='lat' dir='ltr'>tantumque</span> <span class='ocrx_word' id='word_1_79' title='bbox 923 1126 976 1167; x_wconf 91' lang='lat' dir='ltr'>eos</span> <span class='ocrx_word' id='word_1_80' title='bbox 996 1108 1140 1167; x_wconf 89' lang='lat' dir='ltr'>admone-</span> 
     </span>
     <span class='ocr_line' id='line_1_10' title="bbox 127 1203 1139 1279; baseline -0.001 -17"><span class='ocrx_word' id='word_1_81' title='bbox 127 1222 221 1277; x_wconf 90' lang='lat' dir='ltr'>amus,</span> <span class='ocrx_word' id='word_1_82' title='bbox 237 1215 270 1264; x_wconf 92' lang='lat' dir='ltr'>ut</span> <span class='ocrx_word' id='word_1_83' title='bbox 286 1203 369 1279; x_wconf 92' lang='lat' dir='ltr'>illud,</span> <span class='ocrx_word' id='word_1_84' title='bbox 384 1205 475 1266; x_wconf 91' lang='lat' dir='ltr'>etiarn</span> <span class='ocrx_word' id='word_1_85' title='bbox 494 1205 519 1266; x_wconf 92' lang='lat' dir='ltr'>si</span> <span class='ocrx_word' id='word_1_86' title='bbox 536 1217 582 1268; x_wconf 90' lang='lat' dir='ltr'>est</span> <span class='ocrx_word' id='word_1_87' title='bbox 600 1205 796 1279; x_wconf 87' lang='lat' dir='ltr'>verissimum,</span> <span class='ocrx_word' id='word_1_88' title='bbox 811 1203 936 1264; x_wconf 87' lang='lat' dir='ltr'>tacitum</span> <span class='ocrx_word' id='word_1_89' title='bbox 950 1214 1052 1263; x_wconf 88' lang='lat' dir='ltr'>tamen</span> <span class='ocrx_word' id='word_1_90' title='bbox 1067 1213 1139 1262; x_wconf 88' lang='lat' dir='ltr'>tam·</span> 
     </span>
    </p>

    <p class='ocr_par' dir='ltr' id='par_1_4' title="bbox 83 1300 1185 1768">
     <span class='ocr_line' id='line_1_11' title="bbox 83 1300 1140 1381; baseline 0.002 -23"><span class='ocrx_word' id='word_1_91' title='bbox 83 1323 114 1359; x_wconf 87' lang='lat'>10</span> <span class='ocrx_word' id='word_1_92' title='bbox 127 1321 217 1377; x_wconf 87' lang='lat' dir='ltr'>quam</span> <span class='ocrx_word' id='word_1_93' title='bbox 233 1302 405 1378; x_wconf 87' lang='lat' dir='ltr'>mysterium</span> <span class='ocrx_word' id='word_1_94' title='bbox 426 1314 559 1379; x_wconf 88' lang='lat' dir='ltr'>teneant,</span> <span class='ocrx_word' id='word_1_95' title='bbox 572 1305 656 1381; x_wconf 91' lang='lat' dir='ltr'>quod</span> <span class='ocrx_word' id='word_1_96' title='bbox 676 1314 787 1381; x_wconf 85' lang='lat' dir='ltr'>negant</span> <span class='ocrx_word' id='word_1_97' title='bbox 800 1301 909 1363; x_wconf 87' lang='lat' dir='ltr'>versari</span> <span class='ocrx_word' id='word_1_98' title='bbox 927 1300 959 1362; x_wconf 92' lang='lat' dir='ltr'>in</span> <span class='ocrx_word' id='word_1_99' title='bbox 973 1300 1140 1378; x_wconf 87' lang='lat' dir='ltr'>republica</span> 
     </span>
     <span class='ocr_line' id='line_1_12' title="bbox 126 1396 1139 1477; baseline -0.002 -20"><span class='ocrx_word' id='word_1_100' title='bbox 126 1417 192 1458; x_wconf 88' lang='lat' dir='ltr'>esse</span> <span class='ocrx_word' id='word_1_101' title='bbox 206 1399 370 1476; x_wconf 87' lang='lat' dir='ltr'>sapientis;</span> <span class='ocrx_word' id='word_1_102' title='bbox 389 1400 503 1460; x_wconf 93' lang='lat' dir='ltr'>namsi</span> <span class='ocrx_word' id='word_1_103' title='bbox 522 1402 581 1461; x_wconf 94' lang='lat' dir='ltr'>hoc</span> <span class='ocrx_word' id='word_1_104' title='bbox 600 1399 688 1460; x_wconf 91' lang='lat' dir='ltr'>nobis</span> <span class='ocrx_word' id='word_1_105' title='bbox 709 1411 800 1477; x_wconf 88' lang='lat' dir='ltr'>atque</span> <span class='ocrx_word' id='word_1_106' title='bbox 820 1399 938 1476; x_wconf 92' lang='lat' dir='ltr'>optimo</span> <span class='ocrx_word' id='word_1_107' title='bbox 951 1396 1061 1474; x_wconf 88' lang='lat' dir='ltr'>cuique</span> <span class='ocrx_word' id='word_1_108' title='bbox 1075 1416 1139 1474; x_wconf 92' lang='lat' dir='ltr'>per-</span> 
     </span>
     <span class='ocr_line' id='line_1_13' title="bbox 127 1493 1185 1591; baseline -0.003 -36"><span class='ocrx_word' id='word_1_109' title='bbox 127 1495 280 1569; x_wconf 85' lang='lat' dir='ltr'>suaserint,</span> <span class='ocrx_word' id='word_1_110' title='bbox 296 1517 359 1557; x_wconf 91' lang='lat' dir='ltr'>non</span> <span class='ocrx_word' id='word_1_111' title='bbox 377 1508 519 1575; x_wconf 88' lang='lat' dir='ltr'>poterunt</span> <span class='ocrx_word' id='word_1_112' title='bbox 536 1496 593 1574; x_wconf 92' lang='lat' dir='ltr'>ipsi</span> <span class='ocrx_word' id='word_1_113' title='bbox 611 1517 684 1571; x_wconf 92' lang='lat' dir='ltr'>esse,</span> <span class='ocrx_word' id='word_1_114' title='bbox 700 1496 732 1558; x_wconf 92' lang='lat' dir='ltr'>id</span> <span class='ocrx_word' id='word_1_115' title='bbox 752 1498 835 1573; x_wconf 91' lang='lat' dir='ltr'>quod</span> <span class='ocrx_word' id='word_1_116' title='bbox 853 1494 982 1555; x_wconf 86' lang='lat' dir='ltr'>maxime</span> <span class='ocrx_word' id='word_1_117' title='bbox 1000 1493 1135 1571; x_wconf 86' lang='lat' dir='ltr'>cupiunt,</span> <span class='ocrx_word' id='word_1_118' title='bbox 1150 1533 1185 1591; x_wconf 85' lang='lat'>18</span> 
     </span>
     <span class='ocr_line' id='line_1_14' title="bbox 127 1591 1181 1691; baseline -0.001 -39"><span class='ocrx_word' id='word_1_119' title='bbox 127 1591 223 1652; x_wconf 90' lang='lat' dir='ltr'>otiosi.</span> <span class='ocrx_word' id='word_1_120' title='bbox 260 1593 378 1654; x_wconf 92' lang='lat' dir='ltr'>Stoicos</span> <span class='ocrx_word' id='word_1_121' title='bbox 391 1606 501 1667; x_wconf 88' lang='lat' dir='ltr'>autem,</span> <span class='ocrx_word' id='word_1_122' title='bbox 511 1613 589 1672; x_wconf 91' lang='lat' dir='ltr'>quos</span> <span class='ocrx_word' id='word_1_123' title='bbox 603 1593 727 1654; x_wconf 91' lang='lat' dir='ltr'>minime</span> <span class='ocrx_word' id='word_1_124' title='bbox 741 1592 890 1672; x_wconf 91' lang='lat' dir='ltr'>improbo,</span> <span class='ocrx_word' id='word_1_125' title='bbox 900 1591 1020 1654; x_wconf 92' lang='lat' dir='ltr'>dimitto</span> <span class='ocrx_word' id='word_1_126' title='bbox 1035 1601 1136 1651; x_wconf 91' lang='lat' dir='ltr'>tamen</span> <span class='ocrx_word' id='word_1_127' title='bbox 1149 1625 1181 1691; x_wconf 73' lang='lat'>⁶5</span> 
     </span>
     <span class='ocr_line' id='line_1_15' title="bbox 126 1688 1138 1768; baseline 0 -20"><span class='ocrx_word' id='word_1_128' title='bbox 126 1709 184 1749; x_wconf 92' lang='lat' dir='ltr'>nec</span> <span class='ocrx_word' id='word_1_129' title='bbox 212 1710 265 1751; x_wconf 92' lang='lat' dir='ltr'>eos</span> <span class='ocrx_word' id='word_1_130' title='bbox 292 1690 382 1751; x_wconf 90' lang='lat' dir='ltr'>iratos</span> <span class='ocrx_word' id='word_1_131' title='bbox 406 1711 519 1766; x_wconf 88' lang='lat' dir='ltr'>vereor,</span> <span class='ocrx_word' id='word_1_132' title='bbox 543 1689 688 1768; x_wconf 86' lang='lat' dir='ltr'>qnoniam</span> <span class='ocrx_word' id='word_1_133' title='bbox 715 1690 841 1750; x_wconf 91' lang='lat' dir='ltr'>omnino</span> <span class='ocrx_word' id='word_1_134' title='bbox 864 1689 951 1750; x_wconf 86' lang='lat' dir='ltr'>irasci</span> <span class='ocrx_word' id='word_1_135' title='bbox 978 1688 1138 1763; x_wconf 89' lang='lat' dir='ltr'>nesciunt;</span> 
     </span>
    </p>

    <p class='ocr_par' dir='ltr' id='par_1_5' title="bbox 82 1786 1138 2256">
     <span class='ocr_line' id='line_1_16' title="bbox 82 1786 1138 1867; baseline 0.002 -23"><span class='ocrx_word' id='word_1_136' title='bbox 82 1808 112 1858; x_wconf 87' lang='lat'>15</span> <span class='ocrx_word' id='word_1_137' title='bbox 126 1798 218 1865; x_wconf 87' lang='lat' dir='ltr'>atque</span> <span class='ocrx_word' id='word_1_138' title='bbox 238 1789 317 1848; x_wconf 85' lang='lat' dir='ltr'>hanc</span> <span class='ocrx_word' id='word_1_139' title='bbox 337 1787 380 1849; x_wconf 89' lang='lat' dir='ltr'>eis</span> <span class='ocrx_word' id='word_1_140' title='bbox 401 1788 501 1848; x_wconf 90' lang='lat' dir='ltr'>habeo</span> <span class='ocrx_word' id='word_1_141' title='bbox 520 1788 654 1867; x_wconf 85' lang='lat' dir='ltr'>gratiam,</span> <span class='ocrx_word' id='word_1_142' title='bbox 676 1790 760 1866; x_wconf 91' lang='lat' dir='ltr'>quod</span> <span class='ocrx_word' id='word_1_143' title='bbox 780 1787 837 1849; x_wconf 93' lang='lat' dir='ltr'>soli</span> <span class='ocrx_word' id='word_1_144' title='bbox 857 1807 895 1848; x_wconf 88' lang='lat' dir='ltr'>ex</span> <span class='ocrx_word' id='word_1_145' title='bbox 915 1786 1056 1848; x_wconf 90' lang='lat' dir='ltr'>omnibus</span> <span class='ocrx_word' id='word_1_146' title='bbox 1077 1788 1138 1846; x_wconf 75' lang='lat' dir='ltr'>elo</span> 
     </span>
     <span class='ocr_line' id='line_1_17' title="bbox 126 1883 1137 1964; baseline -0.001 -19"><span class='ocrx_word' id='word_1_147' title='bbox 126 1884 281 1962; x_wconf 91' lang='lat' dir='ltr'>quentiam</span> <span class='ocrx_word' id='word_1_148' title='bbox 294 1884 433 1946; x_wconf 90' lang='lat' dir='ltr'>virtutem</span> <span class='ocrx_word' id='word_1_149' title='bbox 451 1906 488 1947; x_wconf 88' lang='lat' dir='ltr'>ac</span> <span class='ocrx_word' id='word_1_150' title='bbox 505 1886 682 1964; x_wconf 89' lang='lat' dir='ltr'>sapientiam</span> <span class='ocrx_word' id='word_1_151' title='bbox 700 1906 768 1947; x_wconf 90' lang='lat' dir='ltr'>esse</span> <span class='ocrx_word' id='word_1_152' title='bbox 785 1885 931 1948; x_wconf 82' lang='lat' dir='ltr'>dixerunt</span> <span class='ocrx_word' id='word_1_153' title='bbox 976 1887 1036 1946; x_wconf 91' lang='lat' dir='ltr'>Sed</span> <span class='ocrx_word' id='word_1_154' title='bbox 1049 1883 1137 1945; x_wconf 91' lang='lat' dir='ltr'>nimi-</span> 
     </span>
     <span class='ocr_line' id='line_1_18' title="bbox 125 1981 1135 2062; baseline 0.002 -21"><span class='ocrx_word' id='word_1_155' title='bbox 125 2002 191 2041; x_wconf 91' lang='lat' dir='ltr'>rum</span> <span class='ocrx_word' id='word_1_156' title='bbox 206 1994 252 2044; x_wconf 91' lang='lat' dir='ltr'>est</span> <span class='ocrx_word' id='word_1_157' title='bbox 265 1981 297 2044; x_wconf 92' lang='lat' dir='ltr'>in</span> <span class='ocrx_word' id='word_1_158' title='bbox 311 1983 368 2057; x_wconf 91' lang='lat' dir='ltr'>his,</span> <span class='ocrx_word' id='word_1_159' title='bbox 382 1986 466 2062; x_wconf 93' lang='lat' dir='ltr'>quod</span> <span class='ocrx_word' id='word_1_160' title='bbox 479 1983 519 2044; x_wconf 91' lang='lat' dir='ltr'>ab</span> <span class='ocrx_word' id='word_1_161' title='bbox 533 1985 603 2059; x_wconf 92' lang='lat' dir='ltr'>hoc,</span> <span class='ocrx_word' id='word_1_162' title='bbox 617 2003 708 2062; x_wconf 89' lang='lat' dir='ltr'>quem</span> <span class='ocrx_word' id='word_1_163' title='bbox 723 1982 896 2044; x_wconf 90' lang='lat' dir='ltr'>instruimus</span> <span class='ocrx_word' id='word_1_164' title='bbox 910 1993 1034 2055; x_wconf 90' lang='lat' dir='ltr'>oratore,</span> <span class='ocrx_word' id='word_1_165' title='bbox 1048 1984 1135 2043; x_wconf 85' lang='lat' dir='ltr'>valde</span> 
     </span>
     <span class='ocr_line' id='line_1_19' title="bbox 124 2079 1133 2159; baseline -0.001 -20"><span class='ocrx_word' id='word_1_166' title='bbox 124 2079 283 2140; x_wconf 85' lang='lat' dir='ltr'>abhoneat</span> <span class='ocrx_word' id='word_1_167' title='bbox 293 2101 303 2155; x_wconf 79' lang='lat'><em>3</em></span> <span class='ocrx_word' id='word_1_168' title='bbox 324 2081 372 2140; x_wconf 87' lang='lat' dir='ltr'>vel</span> <span class='ocrx_word' id='word_1_169' title='bbox 390 2081 474 2159; x_wconf 91' lang='lat' dir='ltr'>quod</span> <span class='ocrx_word' id='word_1_170' title='bbox 493 2079 600 2154; x_wconf 89' lang='lat' dir='ltr'>omnis,</span> <span class='ocrx_word' id='word_1_171' title='bbox 615 2080 668 2158; x_wconf 92' lang='lat' dir='ltr'>qui</span> <span class='ocrx_word' id='word_1_172' title='bbox 687 2080 837 2159; x_wconf 89' lang='lat' dir='ltr'>sapientes</span> <span class='ocrx_word' id='word_1_173' title='bbox 857 2100 920 2141; x_wconf 91' lang='lat' dir='ltr'>non</span> <span class='ocrx_word' id='word_1_174' title='bbox 940 2079 1007 2152; x_wconf 92' lang='lat' dir='ltr'>sint,</span> <span class='ocrx_word' id='word_1_175' title='bbox 1024 2099 1133 2154; x_wconf 88' lang='lat' dir='ltr'>servos,</span> 
     </span>
     <span class='ocr_line' id='line_1_20' title="bbox 124 2176 1137 2256; baseline 0 -20"><span class='ocrx_word' id='word_1_176' title='bbox 124 2177 262 2252; x_wconf 87' lang='lat' dir='ltr'>latrones,</span> <span class='ocrx_word' id='word_1_177' title='bbox 286 2177 389 2250; x_wconf 91' lang='lat' dir='ltr'>hostis,</span> <span class='ocrx_word' id='word_1_178' title='bbox 415 2176 537 2241; x_wconf 89' lang='lat' dir='ltr'>insanos</span> <span class='ocrx_word' id='word_1_179' title='bbox 562 2198 628 2239; x_wconf 88' lang='lat' dir='ltr'>esse</span> <span class='ocrx_word' id='word_1_180' title='bbox 650 2177 762 2252; x_wconf 87' lang='lat' dir='ltr'>dicunt,</span> <span class='ocrx_word' id='word_1_181' title='bbox 786 2198 886 2256; x_wconf 90' lang='lat' dir='ltr'>neque</span> <span class='ocrx_word' id='word_1_182' title='bbox 906 2189 1008 2238; x_wconf 88' lang='lat' dir='ltr'>tamen</span> <span class='ocrx_word' id='word_1_183' title='bbox 1032 2197 1137 2254; x_wconf 90' lang='lat' dir='ltr'>quem·</span> 
     </span>
    </p>

    <p class='ocr_par' dir='ltr' id='par_1_6' title="bbox 81 2272 1177 2735">
     <span class='ocr_line' id='line_1_21' title="bbox 81 2272 1137 2352; baseline 0.005 -23"><span class='ocrx_word' id='word_1_184' title='bbox 81 2293 111 2329; x_wconf 78' lang='lat' dir='ltr'>ao</span> <span class='ocrx_word' id='word_1_185' title='bbox 124 2293 216 2351; x_wconf 89' lang='lat' dir='ltr'>quam</span> <span class='ocrx_word' id='word_1_186' title='bbox 237 2295 303 2335; x_wconf 89' lang='lat' dir='ltr'>esse</span> <span class='ocrx_word' id='word_1_187' title='bbox 323 2274 510 2352; x_wconf 83' lang='lat' dir='ltr'>sapientem:</span> <span class='ocrx_word' id='word_1_188' title='bbox 530 2276 619 2335; x_wconf 83' lang='lat' dir='ltr'>valde</span> <span class='ocrx_word' id='word_1_189' title='bbox 638 2286 740 2336; x_wconf 88' lang='lat' dir='ltr'>autem</span> <span class='ocrx_word' id='word_1_190' title='bbox 761 2286 807 2336; x_wconf 89' lang='lat' dir='ltr'>est</span> <span class='ocrx_word' id='word_1_191' title='bbox 829 2275 994 2335; x_wconf 86' lang='lat' dir='ltr'>absurdum</span> <span class='ocrx_word' id='word_1_192' title='bbox 1015 2272 1044 2334; x_wconf 87' lang='lat' dir='ltr'>ei</span> <span class='ocrx_word' id='word_1_193' title='bbox 1064 2294 1137 2334; x_wconf 91' lang='lat' dir='ltr'>con·</span> 
     </span>
     <span class='ocr_line' id='line_1_22' title="bbox 124 2370 1135 2432; baseline 0 -2"><span class='ocrx_word' id='word_1_194' title='bbox 124 2371 238 2432; x_wconf 90' lang='lat' dir='ltr'>tionem</span> <span class='ocrx_word' id='word_1_195' title='bbox 258 2383 311 2432; x_wconf 89' lang='lat' dir='ltr'>aut</span> <span class='ocrx_word' id='word_1_196' title='bbox 331 2383 468 2432; x_wconf 85' lang='lat' dir='ltr'>senatum</span> <span class='ocrx_word' id='word_1_197' title='bbox 488 2382 541 2431; x_wconf 91' lang='lat' dir='ltr'>aut</span> <span class='ocrx_word' id='word_1_198' title='bbox 561 2374 656 2432; x_wconf 88' lang='lat' dir='ltr'>ullum</span> <span class='ocrx_word' id='word_1_199' title='bbox 678 2383 798 2432; x_wconf 88' lang='lat' dir='ltr'>coetum</span> <span class='ocrx_word' id='word_1_200' title='bbox 819 2371 978 2432; x_wconf 91' lang='lat' dir='ltr'>hominum</span> <span class='ocrx_word' id='word_1_201' title='bbox 998 2370 1135 2431; x_wconf 93' lang='lat' dir='ltr'>commit·</span> 
     </span>
     <span class='ocr_line' id='line_1_23' title="bbox 124 2466 1133 2546; baseline -0.001 -18"><span class='ocrx_word' id='word_1_202' title='bbox 124 2480 193 2543; x_wconf 88' lang='lat' dir='ltr'>tere,</span> <span class='ocrx_word' id='word_1_203' title='bbox 210 2467 259 2529; x_wconf 92' lang='lat' dir='ltr'>cui</span> <span class='ocrx_word' id='word_1_204' title='bbox 272 2488 364 2528; x_wconf 92' lang='lat' dir='ltr'>nemo</span> <span class='ocrx_word' id='word_1_205' title='bbox 380 2467 507 2544; x_wconf 88' lang='lat' dir='ltr'>illorum,</span> <span class='ocrx_word' id='word_1_206' title='bbox 522 2467 575 2546; x_wconf 90' lang='lat' dir='ltr'>qui</span> <span class='ocrx_word' id='word_1_207' title='bbox 596 2468 704 2542; x_wconf 86' lang='lat' dir='ltr'>adsint,</span> <span class='ocrx_word' id='word_1_208' title='bbox 720 2488 818 2541; x_wconf 87' lang='lat' dir='ltr'>sanus,</span> <span class='ocrx_word' id='word_1_209' title='bbox 834 2487 926 2529; x_wconf 90' lang='lat' dir='ltr'>nemo</span> <span class='ocrx_word' id='word_1_210' title='bbox 944 2466 1025 2542; x_wconf 89' lang='lat' dir='ltr'>civis,</span> <span class='ocrx_word' id='word_1_211' title='bbox 1041 2487 1133 2527; x_wconf 90' lang='lat' dir='ltr'>nemo</span> 
     </span>
     <span class='ocr_line' id='line_1_24' title="bbox 123 2564 1177 2642; baseline -0.004 -16"><span class='ocrx_word' id='word_1_212' title='bbox 123 2566 198 2626; x_wconf 93' lang='lat' dir='ltr'>liber</span> <span class='ocrx_word' id='word_1_213' title='bbox 222 2585 288 2626; x_wconf 92' lang='lat' dir='ltr'>esse</span> <span class='ocrx_word' id='word_1_214' title='bbox 311 2564 454 2626; x_wconf 88' lang='lat' dir='ltr'>videatur.</span> <span class='ocrx_word' id='word_1_215' title='bbox 498 2565 626 2626; x_wconf 88' lang='lat' dir='ltr'>Accedit</span> <span class='ocrx_word' id='word_1_216' title='bbox 650 2567 734 2642; x_wconf 92' lang='lat' dir='ltr'>quod</span> <span class='ocrx_word' id='word_1_217' title='bbox 757 2565 899 2625; x_wconf 90' lang='lat' dir='ltr'>orationis</span> <span class='ocrx_word' id='word_1_218' title='bbox 923 2564 1013 2625; x_wconf 87' lang='lat' dir='ltr'>etiam</span> <span class='ocrx_word' id='word_1_219' title='bbox 1038 2584 1132 2642; x_wconf 87' lang='lat' dir='ltr'>genus</span> <span class='ocrx_word' id='word_1_220' title='bbox 1144 2571 1177 2624; x_wconf 88' lang='lat'>66</span> 
     </span>
     <span class='ocr_line' id='line_1_25' title="bbox 123 2660 1131 2735; baseline -0.001 -15"><span class='ocrx_word' id='word_1_221' title='bbox 123 2664 237 2722; x_wconf 88' lang='lat' dir='ltr'>habent</span> <span class='ocrx_word' id='word_1_222' title='bbox 255 2663 380 2722; x_wconf 88' lang='lat' dir='ltr'>fortasse</span> <span class='ocrx_word' id='word_1_223' title='bbox 398 2661 507 2723; x_wconf 90' lang='lat' dir='ltr'>subtile</span> <span class='ocrx_word' id='word_1_224' title='bbox 528 2671 559 2722; x_wconf 88' lang='lat' dir='ltr'>et</span> <span class='ocrx_word' id='word_1_225' title='bbox 577 2673 658 2722; x_wconf 88' lang='lat' dir='ltr'>certe</span> <span class='ocrx_word' id='word_1_226' title='bbox 678 2672 808 2734; x_wconf 89' lang='lat' dir='ltr'>acutum,</span> <span class='ocrx_word' id='word_1_227' title='bbox 825 2663 887 2735; x_wconf 90' lang='lat' dir='ltr'>sed,</span> <span class='ocrx_word' id='word_1_228' title='bbox 904 2672 937 2721; x_wconf 91' lang='lat' dir='ltr'>ut</span> <span class='ocrx_word' id='word_1_229' title='bbox 955 2660 988 2721; x_wconf 94' lang='lat' dir='ltr'>in</span> <span class='ocrx_word' id='word_1_230' title='bbox 1007 2672 1131 2735; x_wconf 90' lang='lat' dir='ltr'>oratore,</span> 
     </span>
    </p>

    <p class='ocr_par' dir='ltr' id='par_1_7' title="bbox 79 2757 1134 3224">
     <span class='ocr_line' id='line_1_26' title="bbox 79 2757 1131 2836; baseline 0.003 -22"><span class='ocrx_word' id='word_1_231' title='bbox 79 2780 108 2829; x_wconf 84' lang='lat'>25</span> <span class='ocrx_word' id='word_1_232' title='bbox 123 2759 206 2832; x_wconf 88' lang='lat' dir='ltr'>exile,</span> <span class='ocrx_word' id='word_1_233' title='bbox 230 2758 414 2833; x_wconf 90' lang='lat' dir='ltr'>inusitatum,</span> <span class='ocrx_word' id='word_1_234' title='bbox 439 2759 603 2820; x_wconf 89' lang='lat' dir='ltr'>abhorrens</span> <span class='ocrx_word' id='word_1_235' title='bbox 630 2760 670 2820; x_wconf 81' lang='lat' dir='ltr'>ab</span> <span class='ocrx_word' id='word_1_236' title='bbox 698 2758 819 2819; x_wconf 87' lang='lat' dir='ltr'>auribus</span> <span class='ocrx_word' id='word_1_237' title='bbox 846 2757 935 2836; x_wconf 87' lang='lat' dir='ltr'>vulgi,</span> <span class='ocrx_word' id='word_1_238' title='bbox 961 2758 1131 2832; x_wconf 90' lang='lat' dir='ltr'>obscurum,</span> 
     </span>
     <span class='ocr_line' id='line_1_27' title="bbox 123 2854 1133 2933; baseline -0.001 -18"><span class='ocrx_word' id='word_1_239' title='bbox 123 2855 220 2929; x_wconf 90' lang='lat' dir='ltr'>inane,</span> <span class='ocrx_word' id='word_1_240' title='bbox 236 2855 378 2928; x_wconf 90' lang='lat' dir='ltr'>ieiunum,</span> <span class='ocrx_word' id='word_1_241' title='bbox 394 2875 431 2915; x_wconf 90' lang='lat' dir='ltr'>ac</span> <span class='ocrx_word' id='word_1_242' title='bbox 444 2867 546 2916; x_wconf 90' lang='lat' dir='ltr'>tamen</span> <span class='ocrx_word' id='word_1_243' title='bbox 559 2856 624 2916; x_wconf 91' lang='lat' dir='ltr'>eius</span> <span class='ocrx_word' id='word_1_244' title='bbox 638 2855 730 2928; x_wconf 91' lang='lat' dir='ltr'>modi,</span> <span class='ocrx_word' id='word_1_245' title='bbox 747 2875 809 2933; x_wconf 88' lang='lat' dir='ltr'>quo</span> <span class='ocrx_word' id='word_1_246' title='bbox 822 2854 867 2915; x_wconf 88' lang='lat' dir='ltr'>uti</span> <span class='ocrx_word' id='word_1_247' title='bbox 877 2857 916 2916; x_wconf 91' lang='lat' dir='ltr'>ad</span> <span class='ocrx_word' id='word_1_248' title='bbox 930 2857 1036 2932; x_wconf 84' lang='lat' dir='ltr'>vulgus</span> <span class='ocrx_word' id='word_1_249' title='bbox 1049 2857 1133 2915; x_wconf 92' lang='lat' dir='ltr'>nullo</span> 
     </span>
     <span class='ocr_line' id='line_1_28' title="bbox 123 2951 1134 3031; baseline 0 -19"><span class='ocrx_word' id='word_1_250' title='bbox 123 2955 216 3014; x_wconf 92' lang='lat' dir='ltr'>modo</span> <span class='ocrx_word' id='word_1_251' title='bbox 230 2952 342 3031; x_wconf 89' lang='lat' dir='ltr'>possit:</span> <span class='ocrx_word' id='word_1_252' title='bbox 363 2952 422 3012; x_wconf 89' lang='lat' dir='ltr'>alia</span> <span class='ocrx_word' id='word_1_253' title='bbox 435 2952 516 3012; x_wconf 90' lang='lat' dir='ltr'>enim</span> <span class='ocrx_word' id='word_1_254' title='bbox 536 2963 566 3012; x_wconf 91' lang='lat' dir='ltr'>et</span> <span class='ocrx_word' id='word_1_255' title='bbox 584 2954 666 3013; x_wconf 90' lang='lat' dir='ltr'>bona</span> <span class='ocrx_word' id='word_1_256' title='bbox 684 2964 715 3014; x_wconf 86' lang='lat' dir='ltr'>et</span> <span class='ocrx_word' id='word_1_257' title='bbox 735 2955 814 3012; x_wconf 91' lang='lat' dir='ltr'>mala</span> <span class='ocrx_word' id='word_1_258' title='bbox 828 2951 967 3013; x_wconf 89' lang='lat' dir='ltr'>videntur</span> <span class='ocrx_word' id='word_1_259' title='bbox 981 2951 1088 3011; x_wconf 89' lang='lat' dir='ltr'>Stoicis</span> <span class='ocrx_word' id='word_1_260' title='bbox 1103 2962 1134 3012; x_wconf 89' lang='lat' dir='ltr'>et</span> 
     </span>
     <span class='ocr_line' id='line_1_29' title="bbox 122 3047 1133 3128; baseline 0.001 -19"><span class='ocrx_word' id='word_1_261' title='bbox 122 3049 227 3110; x_wconf 89' lang='lat' dir='ltr'>ceteris</span> <span class='ocrx_word' id='word_1_262' title='bbox 248 3049 364 3110; x_wconf 91' lang='lat' dir='ltr'>civibus</span> <span class='ocrx_word' id='word_1_263' title='bbox 384 3051 432 3110; x_wconf 89' lang='lat' dir='ltr'>vel</span> <span class='ocrx_word' id='word_1_264' title='bbox 452 3048 552 3128; x_wconf 90' lang='lat' dir='ltr'>potius</span> <span class='ocrx_word' id='word_1_265' title='bbox 572 3049 731 3127; x_wconf 88' lang='lat' dir='ltr'>gentibus;</span> <span class='ocrx_word' id='word_1_266' title='bbox 754 3049 813 3109; x_wconf 83' lang='lat' dir='ltr'>alia</span> <span class='ocrx_word' id='word_1_267' title='bbox 833 3048 877 3109; x_wconf 91' lang='lat' dir='ltr'>vis</span> <span class='ocrx_word' id='word_1_268' title='bbox 898 3047 1028 3120; x_wconf 88' lang='lat' dir='ltr'>honoris,</span> <span class='ocrx_word' id='word_1_269' title='bbox 1051 3048 1133 3126; x_wconf 79' lang='lat' dir='ltr'>igno</span> 
     </span>
     <span class='ocr_line' id='line_1_30' title="bbox 123 3145 1131 3224; baseline 0.003 -19"><span class='ocrx_word' id='word_1_270' title='bbox 123 3146 240 3219; x_wconf 90' lang='lat' dir='ltr'>miniae,</span> <span class='ocrx_word' id='word_1_271' title='bbox 271 3145 395 3224; x_wconf 92' lang='lat' dir='ltr'>praemi,</span> <span class='ocrx_word' id='word_1_272' title='bbox 423 3145 570 3224; x_wconf 83' lang='lat' dir='ltr'>supplici3</span> <span class='ocrx_word' id='word_1_273' title='bbox 603 3167 673 3207; x_wconf 88' lang='lat' dir='ltr'>vere</span> <span class='ocrx_word' id='word_1_274' title='bbox 704 3167 742 3207; x_wconf 90' lang='lat' dir='ltr'>an</span> <span class='ocrx_word' id='word_1_275' title='bbox 776 3166 862 3207; x_wconf 92' lang='lat' dir='ltr'>secus</span> <span class='ocrx_word' id='word_1_276' title='bbox 897 3145 972 3206; x_wconf 93' lang='lat' dir='ltr'>nihil</span> <span class='ocrx_word' id='word_1_277' title='bbox 1002 3148 1042 3206; x_wconf 85' lang='lat' dir='ltr'>ad</span> <span class='ocrx_word' id='word_1_278' title='bbox 1071 3148 1131 3208; x_wconf 91' lang='lat' dir='ltr'>hoc</span> 
     </span>
    </p>

    <p class='ocr_par' dir='ltr' id='par_1_8' title="bbox 77 3242 1130 3322">
     <span class='ocr_line' id='line_1_31' title="bbox 77 3242 1130 3322; baseline 0.002 -20"><span class='ocrx_word' id='word_1_279' title='bbox 77 3265 109 3314; x_wconf 79' lang='lat'>30</span> <span class='ocrx_word' id='word_1_280' title='bbox 122 3254 240 3321; x_wconf 89' lang='lat' dir='ltr'>tempus</span> <span class='ocrx_word' id='word_1_281' title='bbox 252 3265 261 3318; x_wconf 80' lang='lat'><em>3</em></span> <span class='ocrx_word' id='word_1_282' title='bbox 282 3246 336 3305; x_wconf 90' lang='lat' dir='ltr'>sed</span> <span class='ocrx_word' id='word_1_283' title='bbox 350 3264 385 3304; x_wconf 86' lang='lat' dir='ltr'>ea</span> <span class='ocrx_word' id='word_1_284' title='bbox 404 3242 430 3303; x_wconf 93' lang='lat' dir='ltr'>si</span> <span class='ocrx_word' id='word_1_285' title='bbox 446 3263 613 3322; x_wconf 88' lang='lat' dir='ltr'>sequamur,</span> <span class='ocrx_word' id='word_1_286' title='bbox 629 3246 743 3305; x_wconf 89' lang='lat' dir='ltr'>nullam</span> <span class='ocrx_word' id='word_1_287' title='bbox 764 3263 908 3322; x_wconf 88' lang='lat' dir='ltr'>umquam</span> <span class='ocrx_word' id='word_1_288' title='bbox 922 3263 985 3304; x_wconf 92' lang='lat' dir='ltr'>rem</span> <span class='ocrx_word' id='word_1_289' title='bbox 999 3242 1130 3305; x_wconf 91' lang='lat' dir='ltr'>dicendo</span> 
     </span>
    </p>
   </div>
   <div class='ocr_carea' id='block_1_3' title="bbox 122 3398 1134 3711">
    <p class='ocr_par' dir='ltr' id='par_1_9' title="bbox 122 3398 1134 3711">
     <span class='ocr_line' id='line_1_32' title="bbox 155 3398 1130 3461; baseline 0.001 -14"><span class='ocrx_word' id='word_1_290' title='bbox 155 3400 236 3461; x_wconf 86' lang='lat' dir='ltr'>4hac</span> <span class='ocrx_word' id='word_1_291' title='bbox 252 3399 413 3448; x_wconf 82' lang='lat' dir='ltr'>Lambinus:</span> <span class='ocrx_word' id='word_1_292' title='bbox 437 3415 467 3448; x_wconf 85' lang='lat' dir='ltr'>ac</span> <span class='ocrx_word' id='word_1_293' title='bbox 479 3398 546 3449; x_wconf 83' lang='lat' dir='ltr'>codd.</span> <span class='ocrx_word' id='word_1_294' title='bbox 615 3415 643 3448; x_wconf 91' lang='lat' dir='ltr'>re</span> <span class='ocrx_word' id='word_1_295' title='bbox 656 3400 812 3450; x_wconf 79' lang='lat' dir='ltr'>Lambinusz</span> <span class='ocrx_word' id='word_1_296' title='bbox 838 3414 894 3448; x_wconf 86' lang='lat' dir='ltr'>are</span> <span class='ocrx_word' id='word_1_297' title='bbox 906 3398 973 3447; x_wconf 77' lang='lat' dir='ltr'>codd.</span> <span class='ocrx_word' id='word_1_298' title='bbox 1073 3399 1130 3460; x_wconf 85' lang='lat' dir='ltr'>9si</span> 
     </span>
     <span class='ocr_line' id='line_1_33' title="bbox 122 3463 1131 3526; baseline -0.001 -13"><span class='ocrx_word' id='word_1_299' title='bbox 122 3465 156 3514; x_wconf 89' lang='lat' dir='ltr'>sit</span> <span class='ocrx_word' id='word_1_300' title='bbox 168 3465 239 3513; x_wconf 83' lang='lat' dir='ltr'>Bake</span> <span class='ocrx_word' id='word_1_301' title='bbox 318 3467 349 3513; x_wconf 86' lang='lat'>16</span> <span class='ocrx_word' id='word_1_302' title='bbox 365 3465 484 3513; x_wconf 90' lang='lat' dir='ltr'>nimirum</span> <span class='ocrx_word' id='word_1_303' title='bbox 497 3472 538 3512; x_wconf 87' lang='lat' dir='ltr'>est</span> <span class='ocrx_word' id='word_1_304' title='bbox 550 3463 576 3511; x_wconf 92' lang='lat' dir='ltr'>in</span> <span class='ocrx_word' id='word_1_305' title='bbox 588 3464 630 3512; x_wconf 85' lang='lat' dir='ltr'>his</span> <span class='ocrx_word' id='word_1_306' title='bbox 642 3463 731 3526; x_wconf 72' lang='lat' dir='ltr'>Soros:</span> <span class='ocrx_word' id='word_1_307' title='bbox 750 3472 888 3526; x_wconf 91' lang='lat' dir='ltr'>utrumque</span> <span class='ocrx_word' id='word_1_308' title='bbox 900 3472 939 3512; x_wconf 84' lang='lat' dir='ltr'>est</span> <span class='ocrx_word' id='word_1_309' title='bbox 951 3465 977 3511; x_wconf 91' lang='lat' dir='ltr'>in</span> <span class='ocrx_word' id='word_1_310' title='bbox 989 3464 1031 3513; x_wconf 85' lang='lat' dir='ltr'>his</span> <span class='ocrx_word' id='word_1_311' title='bbox 1042 3463 1109 3513; x_wconf 87' lang='lat' dir='ltr'>codd.</span> <span class='ocrx_word' id='word_1_312' title='bbox 1124 3481 1131 3512; x_wconf 81' lang='lat' dir='ltr'>r</span> 
     </span>
     <span class='ocr_line' id='line_1_34' title="bbox 124 3527 1134 3592; baseline 0 -14"><span class='ocrx_word' id='word_1_313' title='bbox 124 3537 256 3591; x_wconf 89' lang='lat' dir='ltr'>utcunque</span> <span class='ocrx_word' id='word_1_314' title='bbox 279 3537 325 3590; x_wconf 73' lang='lat' dir='ltr'>eet,</span> <span class='ocrx_word' id='word_1_315' title='bbox 347 3537 387 3579; x_wconf 89' lang='lat' dir='ltr'>est</span> <span class='ocrx_word' id='word_1_316' title='bbox 409 3531 436 3579; x_wconf 93' lang='lat' dir='ltr'>in</span> <span class='ocrx_word' id='word_1_317' title='bbox 459 3531 500 3579; x_wconf 89' lang='lat' dir='ltr'>his</span> <span class='ocrx_word' id='word_1_318' title='bbox 523 3529 639 3579; x_wconf 79' lang='lat' dir='ltr'>Ellendt:</span> <span class='ocrx_word' id='word_1_319' title='bbox 667 3529 756 3579; x_wconf 91' lang='lat' dir='ltr'>vitium</span> <span class='ocrx_word' id='word_1_320' title='bbox 777 3544 880 3592; x_wconf 90' lang='lat' dir='ltr'>quoque</span> <span class='ocrx_word' id='word_1_321' title='bbox 900 3530 984 3577; x_wconf 90' lang='lat' dir='ltr'>estin</span> <span class='ocrx_word' id='word_1_322' title='bbox 1008 3530 1049 3576; x_wconf 89' lang='lat' dir='ltr'>his</span> <span class='ocrx_word' id='word_1_323' title='bbox 1068 3527 1134 3578; x_wconf 82' lang='lat' dir='ltr'>Reid</span> 
     </span>
     <span class='ocr_line' id='line_1_35' title="bbox 126 3594 1131 3657; baseline -0.002 -13"><span class='ocrx_word' id='word_1_324' title='bbox 126 3611 156 3657; x_wconf 89' lang='lat'>19</span> <span class='ocrx_word' id='word_1_325' title='bbox 172 3596 285 3645; x_wconf 79' lang='lat' dir='ltr'>latrones</span> <span class='ocrx_word' id='word_1_326' title='bbox 297 3597 349 3645; x_wconf 85' lang='lat' dir='ltr'>secl.</span> <span class='ocrx_word' id='word_1_327' title='bbox 364 3594 452 3644; x_wconf 82' lang='lat' dir='ltr'>Pearce</span> <span class='ocrx_word' id='word_1_328' title='bbox 518 3597 552 3643; x_wconf 78' lang='lat'>26</span> <span class='ocrx_word' id='word_1_329' title='bbox 568 3609 598 3643; x_wconf 85' lang='lat' dir='ltr'>ac</span> <span class='ocrx_word' id='word_1_330' title='bbox 610 3601 697 3644; x_wconf 83' lang='lat' dir='ltr'>tamen</span> <span class='ocrx_word' id='word_1_331' title='bbox 709 3594 779 3646; x_wconf 86' lang='lat' dir='ltr'>codd.</span> <span class='ocrx_word' id='word_1_332' title='bbox 791 3613 797 3645; x_wconf 75' lang='grc' dir='ltr'><strong>ι</strong></span> <span class='ocrx_word' id='word_1_333' title='bbox 814 3610 844 3644; x_wconf 79' lang='lat' dir='ltr'>ac</span> <span class='ocrx_word' id='word_1_334' title='bbox 857 3595 960 3643; x_wconf 81' lang='lat' dir='ltr'>tandem</span> <span class='ocrx_word' id='word_1_335' title='bbox 972 3594 1131 3644; x_wconf 78' lang='lat' dir='ltr'>Lambinus:</span> 
     </span>
     <span class='ocr_line' id='line_1_36' title="bbox 123 3660 359 3711; baseline -0.013 0"><span class='ocrx_word' id='word_1_336' title='bbox 123 3677 154 3711; x_wconf 82' lang='lat' dir='ltr'>ac</span> <span class='ocrx_word' id='word_1_337' title='bbox 165 3666 247 3710; x_wconf 91' lang='lat' dir='ltr'>totum</span> <span class='ocrx_word' id='word_1_338' title='bbox 259 3660 359 3709; x_wconf 85' lang='lat' dir='ltr'>Ernesti</span> 
     </span>
    </p>
   </div>
   <div class='ocr_carea' id='block_1_4' title="bbox 0 0 1328 4216">
    <p class='ocr_par' dir='ltr' id='par_1_10' title="bbox 0 0 1328 4216">
     <span class='ocr_line' id='line_1_37' title="bbox 0 0 1328 4216; baseline 0 0"><span class='ocrx_word' id='word_1_339' title='bbox 0 0 1328 4216; x_wconf 95' lang='lat' dir='ltr'> </span> 
     </span>
    </p>
   </div>
  </div>
 </body>
</html>
