<?xml version="1.0" encoding="UTF-8"?>
<!DOCTYPE html PUBLIC "-//W3C//DTD XHTML 1.0 Transitional//EN"
    "http://www.w3.org/TR/xhtml1/DTD/xhtml1-transitional.dtd">
<html xmlns="http://www.w3.org/1999/xhtml" xml:lang="en" lang="en">
 <head>
  <title>
</title>
<meta http-equiv="Content-Type" content="text/html;charset=utf-8" />
  <meta name='ocr-system' content='tesseract 3.04.00' />
  <meta name='ocr-capabilities' content='ocr_page ocr_carea ocr_par ocr_line ocrx_word'/>
</head>
<body>
  <div class='ocr_page' id='page_1' title='image "./mtvlliciceronis01wilkgoog/mtvlliciceronis01wilkgoog_0011.png"; bbox 0 0 2648 4216; ppageno 0'>
   <div class='ocr_carea' id='block_1_1' title="bbox 557 275 800 336">
    <p class='ocr_par' dir='ltr' id='par_1_1' title="bbox 557 275 800 336">
     <span class='ocr_line' id='line_1_1' title="bbox 557 275 800 336; baseline -0.004 0"><span class='ocrx_word' id='word_1_1' title='bbox 557 275 800 336; x_wconf 91' lang='lat' dir='ltr'><strong>PRAEFATIO</strong></span> 
     </span>
    </p>
   </div>
   <div class='ocr_carea' id='block_1_2' title="bbox 174 442 1179 944">
    <p class='ocr_par' dir='ltr' id='par_1_2' title="bbox 174 442 1179 944">
     <span class='ocr_line' id='line_1_2' title="bbox 176 442 1179 521; baseline -0.001 -20"><span class='ocrx_word' id='word_1_2' title='bbox 176 446 291 521; x_wconf 91' lang='lat' dir='ltr'>integro</span> <span class='ocrx_word' id='word_1_3' title='bbox 306 445 439 521; x_wconf 89' lang='lat' dir='ltr'>quodam</span> <span class='ocrx_word' id='word_1_4' title='bbox 454 442 531 503; x_wconf 88' lang='lat' dir='ltr'>libro</span> <span class='ocrx_word' id='word_1_5' title='bbox 546 443 711 502; x_wconf 88' lang='lat' dir='ltr'>levissimae</span> <span class='ocrx_word' id='word_1_6' title='bbox 722 442 904 504; x_wconf 86' lang='lat' dir='ltr'>auctoritatis</span> <span class='ocrx_word' id='word_1_7' title='bbox 918 444 1054 521; x_wconf 83' lang='lat' dir='ltr'>explevit</span> <span class='ocrx_word' id='word_1_8' title='bbox 1099 443 1179 504; x_wconf 90' lang='lat' dir='ltr'>Con-</span> 
     </span>
     <span class='ocr_line' id='line_1_3' title="bbox 175 547 1178 626; baseline -0.004 -18"><span class='ocrx_word' id='word_1_9' title='bbox 175 550 242 609; x_wconf 91' lang='lat' dir='ltr'>tulit</span> <span class='ocrx_word' id='word_1_10' title='bbox 257 551 299 608; x_wconf 90' lang='lat' dir='ltr'>vir</span> <span class='ocrx_word' id='word_1_11' title='bbox 321 547 500 608; x_wconf 90' lang='lat' dir='ltr'>clarissimus</span> <span class='ocrx_word' id='word_1_12' title='bbox 518 549 643 609; x_wconf 88' lang='lat' dir='ltr'>Carolus</span> <span class='ocrx_word' id='word_1_13' title='bbox 663 547 813 620; x_wconf 86' lang='lat' dir='ltr'>Halmius,</span> <span class='ocrx_word' id='word_1_14' title='bbox 830 547 880 624; x_wconf 90' lang='lat' dir='ltr'>qui</span> <span class='ocrx_word' id='word_1_15' title='bbox 900 567 960 626; x_wconf 93' lang='lat' dir='ltr'>qua</span> <span class='ocrx_word' id='word_1_16' title='bbox 980 558 1041 607; x_wconf 89' lang='lat' dir='ltr'>erat</span> <span class='ocrx_word' id='word_1_17' title='bbox 1060 566 1178 624; x_wconf 87' lang='lat' dir='ltr'>semper</span> 
     </span>
     <span class='ocr_line' id='line_1_4' title="bbox 175 653 1178 732; baseline -0.004 -16"><span class='ocrx_word' id='word_1_18' title='bbox 175 657 385 716; x_wconf 86' lang='lat' dir='ltr'>benevolentia</span> <span class='ocrx_word' id='word_1_19' title='bbox 400 654 473 715; x_wconf 90' lang='lat' dir='ltr'>mihi</span> <span class='ocrx_word' id='word_1_20' title='bbox 488 675 564 732; x_wconf 92' lang='lat' dir='ltr'>opus</span> <span class='ocrx_word' id='word_1_21' title='bbox 580 675 667 715; x_wconf 89' lang='lat' dir='ltr'>suurn</span> <span class='ocrx_word' id='word_1_22' title='bbox 682 657 829 715; x_wconf 89' lang='lat' dir='ltr'>utendum</span> <span class='ocrx_word' id='word_1_23' title='bbox 845 654 936 727; x_wconf 90' lang='lat' dir='ltr'>dedit,</span> <span class='ocrx_word' id='word_1_24' title='bbox 949 653 1091 714; x_wconf 89' lang='lat' dir='ltr'>adhibitis</span> <span class='ocrx_word' id='word_1_25' title='bbox 1105 672 1178 729; x_wconf 92' lang='lat' dir='ltr'>quo·</span> 
     </span>
     <span class='ocr_line' id='line_1_5' title="bbox 174 757 1177 848; baseline -0.003 -28"><span class='ocrx_word' id='word_1_26' title='bbox 174 782 233 839; x_wconf 91' lang='lat' dir='ltr'>que</span> <span class='ocrx_word' id='word_1_27' title='bbox 248 760 458 822; x_wconf 89' lang='lat' dir='ltr'>collationibus</span> <span class='ocrx_word' id='word_1_28' title='bbox 477 781 495 820; x_wconf 95' lang='lat' dir='ltr'>a</span> <span class='ocrx_word' id='word_1_29' title='bbox 515 758 681 848; x_wconf 90' lang='lat' dir='ltr'>Stroebelio</span> <span class='ocrx_word' id='word_1_30' title='bbox 700 772 730 820; x_wconf 92' lang='lat' dir='ltr'>et</span> <span class='ocrx_word' id='word_1_31' title='bbox 749 780 767 819; x_wconf 91' lang='lat' dir='ltr'>a</span> <span class='ocrx_word' id='word_1_32' title='bbox 786 759 919 837; x_wconf 90' lang='lat' dir='ltr'>Stanglio</span> <span class='ocrx_word' id='word_1_33' title='bbox 934 761 1026 819; x_wconf 83' lang='lat' dir='ltr'>sactis.</span> <span class='ocrx_word' id='word_1_34' title='bbox 1071 757 1177 835; x_wconf 86' lang='lat' dir='ltr'>Qualis</span> 
     </span>
     <span class='ocr_line' id='line_1_6' title="bbox 174 867 1177 944; baseline -0.001 -18"><span class='ocrx_word' id='word_1_35' title='bbox 174 867 250 927; x_wconf 88' lang='lat' dir='ltr'>inter</span> <span class='ocrx_word' id='word_1_36' title='bbox 265 870 319 928; x_wconf 90' lang='lat' dir='ltr'>hos</span> <span class='ocrx_word' id='word_1_37' title='bbox 335 879 425 928; x_wconf 92' lang='lat' dir='ltr'>testes</span> <span class='ocrx_word' id='word_1_38' title='bbox 441 867 604 928; x_wconf 86' lang='lat' dir='ltr'>intercedat</span> <span class='ocrx_word' id='word_1_39' title='bbox 616 868 755 944; x_wconf 87' lang='lat' dir='ltr'>cognatio</span> <span class='ocrx_word' id='word_1_40' title='bbox 767 869 879 944; x_wconf 88' lang='lat' dir='ltr'>primus</span> <span class='ocrx_word' id='word_1_41' title='bbox 894 868 998 926; x_wconf 89' lang='lat' dir='ltr'>docuit</span> <span class='ocrx_word' id='word_1_42' title='bbox 1013 867 1177 925; x_wconf 87' lang='lat' dir='ltr'>luculenter</span> 
     </span>
    </p>
   </div>
   <div class='ocr_carea' id='block_1_3' title="bbox 174 971 805 1141">
    <p class='ocr_par' dir='ltr' id='par_1_3' title="bbox 174 971 805 1141">
     <span class='ocr_line' id='line_1_7' title="bbox 174 971 771 1048; baseline 0 -15"><span class='ocrx_word' id='word_1_43' title='bbox 174 973 365 1048; x_wconf 88' lang='lat' dir='ltr'>Stroebelius‚</span> <span class='ocrx_word' id='word_1_44' title='bbox 381 973 432 1034; x_wconf 95' lang='lat' dir='ltr'>illo</span> <span class='ocrx_word' id='word_1_45' title='bbox 446 984 604 1034; x_wconf 88' lang='lat' dir='ltr'>stemmate</span> <span class='ocrx_word' id='word_1_46' title='bbox 619 971 771 1033; x_wconf 87' lang='lat' dir='ltr'>instituto:</span> 
     </span>
     <span class='ocr_line' id='line_1_8' title="bbox 545 1078 805 1141; baseline 0.004 -15"><span class='ocrx_word' id='word_1_47' title='bbox 545 1078 635 1126; x_wconf 88' lang='lat' dir='ltr'>Codex</span> <span class='ocrx_word' id='word_1_48' title='bbox 646 1080 805 1141; x_wconf 89' lang='lat' dir='ltr'>archetypus</span> 
     </span>
    </p>
   </div>
   <div class='ocr_carea' id='block_1_4' title="bbox 272 1222 1079 1356">
    <p class='ocr_par' dir='ltr' id='par_1_4' title="bbox 272 1222 1079 1356">
     <span class='ocr_line' id='line_1_9' title="bbox 272 1222 1079 1356; baseline -0.005 -13"><span class='ocrx_word' id='word_1_49' title='bbox 272 1293 364 1343; x_wconf 85' lang='lat' dir='ltr'>Codex</span> <span class='ocrx_word' id='word_1_50' title='bbox 376 1294 479 1353; x_wconf 89' lang='lat' dir='ltr'>ignotus</span> <span class='ocrx_word' id='word_1_51' title='bbox 873 1292 964 1341; x_wconf 83' lang='lat' dir='ltr'>Codex</span> <span class='ocrx_word' id='word_1_52' title='bbox 971 1222 1079 1356; x_wconf 85' lang='lat' dir='ltr'>ignotus</span> 
     </span>
    </p>
   </div>
   <div class='ocr_carea' id='block_1_5' title="bbox 258 1503 1068 1568">
    <p class='ocr_par' dir='ltr' id='par_1_5' title="bbox 258 1503 1068 1568">
     <span class='ocr_line' id='line_1_10' title="bbox 258 1503 1068 1568; baseline -0.004 -15"><span class='ocrx_word' id='word_1_53' title='bbox 258 1506 428 1556; x_wconf 83' lang='lat' dir='ltr'>Abrincensis</span> <span class='ocrx_word' id='word_1_54' title='bbox 526 1506 695 1559; x_wconf 82' lang='lat' dir='ltr'>Abrincensis</span> <span class='ocrx_word' id='word_1_55' title='bbox 706 1505 833 1568; x_wconf 86' lang='lat' dir='ltr'>gemellus</span> <span class='ocrx_word' id='word_1_56' title='bbox 910 1503 1068 1554; x_wconf 85' lang='lat' dir='ltr'>Harleianus</span> 
     </span>
    </p>
   </div>
   <div class='ocr_carea' id='block_1_6' title="bbox 172 1637 1174 2126">
    <p class='ocr_par' dir='ltr' id='par_1_6' title="bbox 172 1637 1174 2126">
     <span class='ocr_line' id='line_1_11' title="bbox 617 1637 784 1701; baseline -0.006 -14"><span class='ocrx_word' id='word_1_57' title='bbox 617 1637 784 1701; x_wconf 85' lang='lat' dir='ltr'>Erlangensis</span> 
     </span>
     <span class='ocr_line' id='line_1_12' title="bbox 174 1725 1174 1808; baseline 0 -22"><span class='ocrx_word' id='word_1_58' title='bbox 174 1730 223 1788; x_wconf 86' lang='lat' dir='ltr'>Ad</span> <span class='ocrx_word' id='word_1_59' title='bbox 239 1731 369 1806; x_wconf 91' lang='lat' dir='ltr'>optimos</span> <span class='ocrx_word' id='word_1_60' title='bbox 384 1740 474 1789; x_wconf 92' lang='lat' dir='ltr'>testes</span> <span class='ocrx_word' id='word_1_61' title='bbox 485 1733 600 1791; x_wconf 90' lang='lat' dir='ltr'>accedit</span> <span class='ocrx_word' id='word_1_62' title='bbox 612 1751 734 1808; x_wconf 88' lang='lat' dir='ltr'>quoque</span> <span class='ocrx_word' id='word_1_63' title='bbox 745 1728 820 1789; x_wconf 89' lang='lat' dir='ltr'>liber</span> <span class='ocrx_word' id='word_1_64' title='bbox 830 1729 926 1788; x_wconf 90' lang='lat' dir='ltr'>Vatic.</span> <span class='ocrx_word' id='word_1_65' title='bbox 940 1731 1013 1805; x_wconf 89' lang='lat' dir='ltr'>Reg.</span> <span class='ocrx_word' id='word_1_66' title='bbox 1029 1730 1103 1802; x_wconf 86' lang='lat'>1762</span> <span class='ocrx_word' id='word_1_67' title='bbox 1117 1725 1174 1806; x_wconf 85' lang='lat' dir='ltr'>(R)</span> 
     </span>
     <span class='ocr_line' id='line_1_13' title="bbox 172 1834 1174 1913; baseline 0.002 -21"><span class='ocrx_word' id='word_1_68' title='bbox 172 1836 203 1892; x_wconf 91' lang='lat' dir='ltr'>in</span> <span class='ocrx_word' id='word_1_69' title='bbox 218 1855 279 1911; x_wconf 90' lang='lat' dir='ltr'>quo</span> <span class='ocrx_word' id='word_1_70' title='bbox 294 1835 447 1912; x_wconf 91' lang='lat' dir='ltr'>presbyter</span> <span class='ocrx_word' id='word_1_71' title='bbox 460 1837 584 1913; x_wconf 89' lang='lat' dir='ltr'>quidam</span> <span class='ocrx_word' id='word_1_72' title='bbox 601 1838 785 1898; x_wconf 89' lang='lat' dir='ltr'>Hadoardus</span> <span class='ocrx_word' id='word_1_73' title='bbox 800 1855 862 1896; x_wconf 93' lang='lat' dir='ltr'>non</span> <span class='ocrx_word' id='word_1_74' title='bbox 881 1837 962 1894; x_wconf 92' lang='lat' dir='ltr'>nulla</span> <span class='ocrx_word' id='word_1_75' title='bbox 979 1854 1015 1894; x_wconf 91' lang='lat' dir='ltr'>ex</span> <span class='ocrx_word' id='word_1_76' title='bbox 1034 1834 1117 1893; x_wconf 87' lang='lat' dir='ltr'>libris</span> <span class='ocrx_word' id='word_1_77' title='bbox 1135 1836 1174 1894; x_wconf 91' lang='lat' dir='ltr'>de</span> 
     </span>
     <span class='ocr_line' id='line_1_14' title="bbox 172 1939 1117 2020; baseline -0.002 -19"><span class='ocrx_word' id='word_1_78' title='bbox 172 1941 298 2002; x_wconf 89' lang='lat' dir='ltr'>Oratore</span> <span class='ocrx_word' id='word_1_79' title='bbox 313 1940 410 2018; x_wconf 93' lang='lat' dir='ltr'>primo</span> <span class='ocrx_word' id='word_1_80' title='bbox 425 1953 454 2002; x_wconf 93' lang='lat' dir='ltr'>et</span> <span class='ocrx_word' id='word_1_81' title='bbox 468 1943 562 2002; x_wconf 89' lang='lat' dir='ltr'>altero</span> <span class='ocrx_word' id='word_1_82' title='bbox 577 1941 721 2020; x_wconf 90' lang='lat' dir='ltr'>excerpsit</span> <span class='ocrx_word' id='word_1_83' title='bbox 735 1953 769 2001; x_wconf 93' lang='lat' dir='ltr'>ut</span> <span class='ocrx_word' id='word_1_84' title='bbox 782 1942 867 2019; x_wconf 86' lang='lat' dir='ltr'>quasi</span> <span class='ocrx_word' id='word_1_85' title='bbox 882 1939 1012 2018; x_wconf 89' lang='lat' dir='ltr'>epitome</span> <span class='ocrx_word' id='word_1_86' title='bbox 1027 1941 1117 2000; x_wconf 88' lang='lat' dir='ltr'>tieret.</span> 
     </span>
     <span class='ocr_line' id='line_1_15' title="bbox 212 2045 1174 2126; baseline 0.001 -20"><span class='ocrx_word' id='word_1_87' title='bbox 212 2049 348 2107; x_wconf 85' lang='lat' dir='ltr'>Alterum</span> <span class='ocrx_word' id='word_1_88' title='bbox 376 2068 470 2126; x_wconf 90' lang='lat' dir='ltr'>genus</span> <span class='ocrx_word' id='word_1_89' title='bbox 498 2050 637 2109; x_wconf 91' lang='lat' dir='ltr'>codicum</span> <span class='ocrx_word' id='word_1_90' title='bbox 663 2050 835 2109; x_wconf 90' lang='lat' dir='ltr'>mutilorum</span> <span class='ocrx_word' id='word_1_91' title='bbox 861 2049 956 2107; x_wconf 90' lang='lat' dir='ltr'>multo</span> <span class='ocrx_word' id='word_1_92' title='bbox 982 2045 1104 2107; x_wconf 89' lang='lat' dir='ltr'>minoris</span> <span class='ocrx_word' id='word_1_93' title='bbox 1129 2059 1174 2108; x_wconf 93' lang='lat' dir='ltr'>est</span> 
     </span>
    </p>
   </div>
   <div class='ocr_carea' id='block_1_7' title="bbox 166 2152 1174 3621">
    <p class='ocr_par' dir='ltr' id='par_1_7' title="bbox 167 2152 1174 3191">
     <span class='ocr_line' id='line_1_16' title="bbox 171 2152 1174 2232; baseline 0.002 -20"><span class='ocrx_word' id='word_1_94' title='bbox 171 2154 351 2214; x_wconf 82' lang='lat' dir='ltr'>faciendum.</span> <span class='ocrx_word' id='word_1_95' title='bbox 394 2156 474 2214; x_wconf 94' lang='lat' dir='ltr'>Nam</span> <span class='ocrx_word' id='word_1_96' title='bbox 499 2167 605 2232; x_wconf 87' lang='lat' dir='ltr'>quarto</span> <span class='ocrx_word' id='word_1_97' title='bbox 630 2154 749 2216; x_wconf 92' lang='lat' dir='ltr'>decimo</span> <span class='ocrx_word' id='word_1_98' title='bbox 774 2156 897 2216; x_wconf 91' lang='lat' dir='ltr'>demum</span> <span class='ocrx_word' id='word_1_99' title='bbox 923 2155 969 2213; x_wconf 92' lang='lat' dir='ltr'>vel</span> <span class='ocrx_word' id='word_1_100' title='bbox 993 2152 1100 2231; x_wconf 92' lang='lat' dir='ltr'>quinto</span> <span class='ocrx_word' id='word_1_101' title='bbox 1125 2155 1174 2214; x_wconf 90' lang='lat' dir='ltr'>de-</span> 
     </span>
     <span class='ocr_line' id='line_1_17' title="bbox 170 2259 1173 2341; baseline 0.002 -21"><span class='ocrx_word' id='word_1_102' title='bbox 170 2259 250 2320; x_wconf 90' lang='lat' dir='ltr'>cimo</span> <span class='ocrx_word' id='word_1_103' title='bbox 279 2264 398 2321; x_wconf 88' lang='lat' dir='ltr'>saeculo</span> <span class='ocrx_word' id='word_1_104' title='bbox 427 2264 563 2341; x_wconf 89' lang='lat' dir='ltr'>exscripti</span> <span class='ocrx_word' id='word_1_105' title='bbox 592 2274 661 2323; x_wconf 88' lang='lat' dir='ltr'>sunt</span> <span class='ocrx_word' id='word_1_106' title='bbox 689 2283 725 2325; x_wconf 90' lang='lat' dir='ltr'>ex</span> <span class='ocrx_word' id='word_1_107' title='bbox 753 2262 908 2323; x_wconf 90' lang='lat' dir='ltr'>codicibus</span> <span class='ocrx_word' id='word_1_108' title='bbox 937 2261 998 2322; x_wconf 92' lang='lat' dir='ltr'>sive</span> <span class='ocrx_word' id='word_1_109' title='bbox 1023 2263 1069 2322; x_wconf 92' lang='lat' dir='ltr'>his</span> <span class='ocrx_word' id='word_1_110' title='bbox 1097 2281 1173 2340; x_wconf 92' lang='lat' dir='ltr'>quos</span> 
     </span>
     <span class='ocr_line' id='line_1_18' title="bbox 172 2367 1173 2447; baseline 0.003 -21"><span class='ocrx_word' id='word_1_111' title='bbox 172 2367 402 2443; x_wconf 88' lang='lat' dir='ltr'>nominavimus,</span> <span class='ocrx_word' id='word_1_112' title='bbox 419 2369 450 2429; x_wconf 90' lang='lat' dir='ltr'>id</span> <span class='ocrx_word' id='word_1_113' title='bbox 465 2371 548 2446; x_wconf 93' lang='lat' dir='ltr'>quod</span> <span class='ocrx_word' id='word_1_114' title='bbox 567 2371 606 2430; x_wconf 92' lang='lat' dir='ltr'>de</span> <span class='ocrx_word' id='word_1_115' title='bbox 628 2371 728 2430; x_wconf 92' lang='lat' dir='ltr'>multis</span> <span class='ocrx_word' id='word_1_116' title='bbox 748 2371 818 2429; x_wconf 87' lang='lat' dir='ltr'>satis</span> <span class='ocrx_word' id='word_1_117' title='bbox 838 2379 928 2447; x_wconf 90' lang='lat' dir='ltr'>patet,</span> <span class='ocrx_word' id='word_1_118' title='bbox 944 2369 1006 2429; x_wconf 92' lang='lat' dir='ltr'>sive</span> <span class='ocrx_word' id='word_1_119' title='bbox 1020 2367 1084 2428; x_wconf 90' lang='lat' dir='ltr'>aliis</span> <span class='ocrx_word' id='word_1_120' title='bbox 1099 2371 1173 2429; x_wconf 92' lang='lat' dir='ltr'>eius·</span> 
     </span>
     <span class='ocr_line' id='line_1_19' title="bbox 170 2474 1170 2554; baseline 0.001 -20"><span class='ocrx_word' id='word_1_121' title='bbox 170 2477 240 2534; x_wconf 92' lang='lat' dir='ltr'>dem</span> <span class='ocrx_word' id='word_1_122' title='bbox 255 2474 371 2553; x_wconf 90' lang='lat' dir='ltr'>generis</span> <span class='ocrx_word' id='word_1_123' title='bbox 391 2495 452 2536; x_wconf 88' lang='lat' dir='ltr'>non</span> <span class='ocrx_word' id='word_1_124' title='bbox 473 2476 654 2551; x_wconf 91' lang='lat' dir='ltr'>melioribus,</span> <span class='ocrx_word' id='word_1_125' title='bbox 671 2476 711 2538; x_wconf 91' lang='lat' dir='ltr'>ita</span> <span class='ocrx_word' id='word_1_126' title='bbox 728 2488 760 2539; x_wconf 91' lang='lat' dir='ltr'>ut</span> <span class='ocrx_word' id='word_1_127' title='bbox 780 2496 883 2538; x_wconf 91' lang='lat' dir='ltr'>secure</span> <span class='ocrx_word' id='word_1_128' title='bbox 902 2475 989 2537; x_wconf 89' lang='lat' dir='ltr'>liceat</span> <span class='ocrx_word' id='word_1_129' title='bbox 1008 2478 1170 2554; x_wconf 86' lang='lat' dir='ltr'>neglegere.</span> 
     </span>
     <span class='ocr_line' id='line_1_20' title="bbox 170 2579 1174 2660; baseline 0.003 -21"><span class='ocrx_word' id='word_1_130' title='bbox 170 2582 209 2639; x_wconf 85' lang='lat' dir='ltr'>Et</span> <span class='ocrx_word' id='word_1_131' title='bbox 225 2579 249 2639; x_wconf 90' lang='lat' dir='ltr'>si</span> <span class='ocrx_word' id='word_1_132' title='bbox 264 2582 338 2657; x_wconf 92' lang='lat' dir='ltr'>quid</span> <span class='ocrx_word' id='word_1_133' title='bbox 352 2582 402 2640; x_wconf 92' lang='lat' dir='ltr'>hic</span> <span class='ocrx_word' id='word_1_134' title='bbox 417 2581 476 2642; x_wconf 90' lang='lat' dir='ltr'>illic</span> <span class='ocrx_word' id='word_1_135' title='bbox 490 2584 596 2642; x_wconf 91' lang='lat' dir='ltr'>melius</span> <span class='ocrx_word' id='word_1_136' title='bbox 611 2582 753 2660; x_wconf 90' lang='lat' dir='ltr'>expiscari</span> <span class='ocrx_word' id='word_1_137' title='bbox 768 2584 863 2656; x_wconf 93' lang='lat' dir='ltr'>datur,</span> <span class='ocrx_word' id='word_1_138' title='bbox 876 2603 937 2643; x_wconf 93' lang='lat' dir='ltr'>non</span> <span class='ocrx_word' id='word_1_139' title='bbox 954 2581 1010 2642; x_wconf 92' lang='lat' dir='ltr'>nisi</span> <span class='ocrx_word' id='word_1_140' title='bbox 1024 2581 1174 2642; x_wconf 90' lang='lat' dir='ltr'>coniectu-</span> 
     </span>
     <span class='ocr_line' id='line_1_21' title="bbox 169 2686 1173 2768; baseline 0.002 -23"><span class='ocrx_word' id='word_1_141' title='bbox 169 2706 217 2746; x_wconf 90' lang='lat' dir='ltr'>rae</span> <span class='ocrx_word' id='word_1_142' title='bbox 233 2686 326 2747; x_wconf 84' lang='lat' dir='ltr'>felicis</span> <span class='ocrx_word' id='word_1_143' title='bbox 347 2690 415 2749; x_wconf 94' lang='lat' dir='ltr'>loco</span> <span class='ocrx_word' id='word_1_144' title='bbox 434 2700 479 2749; x_wconf 92' lang='lat' dir='ltr'>est</span> <span class='ocrx_word' id='word_1_145' title='bbox 498 2691 682 2766; x_wconf 91' lang='lat' dir='ltr'>ponendum.</span> <span class='ocrx_word' id='word_1_146' title='bbox 725 2692 815 2751; x_wconf 94' lang='lat' dir='ltr'>Adde</span> <span class='ocrx_word' id='word_1_147' title='bbox 833 2692 916 2768; x_wconf 93' lang='lat' dir='ltr'>quod</span> <span class='ocrx_word' id='word_1_148' title='bbox 937 2710 997 2750; x_wconf 92' lang='lat' dir='ltr'>non</span> <span class='ocrx_word' id='word_1_149' title='bbox 1020 2689 1090 2749; x_wconf 91' lang='lat' dir='ltr'>satis</span> <span class='ocrx_word' id='word_1_150' title='bbox 1110 2690 1173 2749; x_wconf 91' lang='lat' dir='ltr'>dili-</span> 
     </span>
     <span class='ocr_line' id='line_1_22' title="bbox 168 2793 1172 2875; baseline 0.002 -23"><span class='ocrx_word' id='word_1_151' title='bbox 168 2805 271 2870; x_wconf 90' lang='lat' dir='ltr'>genter</span> <span class='ocrx_word' id='word_1_152' title='bbox 281 2793 415 2872; x_wconf 92' lang='lat' dir='ltr'>plerique</span> <span class='ocrx_word' id='word_1_153' title='bbox 430 2807 499 2855; x_wconf 91' lang='lat' dir='ltr'>sunt</span> <span class='ocrx_word' id='word_1_154' title='bbox 513 2795 622 2870; x_wconf 89' lang='lat' dir='ltr'>collati,</span> <span class='ocrx_word' id='word_1_155' title='bbox 636 2799 677 2857; x_wconf 85' lang='lat' dir='ltr'>ita</span> <span class='ocrx_word' id='word_1_156' title='bbox 690 2809 723 2858; x_wconf 89' lang='lat' dir='ltr'>ut</span> <span class='ocrx_word' id='word_1_157' title='bbox 734 2798 826 2858; x_wconf 92' lang='lat' dir='ltr'>fidem</span> <span class='ocrx_word' id='word_1_158' title='bbox 842 2795 1067 2875; x_wconf 88' lang='lat' dir='ltr'>Lagomarsinio</span> <span class='ocrx_word' id='word_1_159' title='bbox 1082 2794 1172 2856; x_wconf 91' lang='lat' dir='ltr'>veteri</span> 
     </span>
     <span class='ocr_line' id='line_1_23' title="bbox 169 2901 1171 2982; baseline 0.002 -24"><span class='ocrx_word' id='word_1_160' title='bbox 169 2902 263 2959; x_wconf 88' lang='lat' dir='ltr'>multa</span> <span class='ocrx_word' id='word_1_161' title='bbox 288 2901 327 2960; x_wconf 92' lang='lat' dir='ltr'>de</span> <span class='ocrx_word' id='word_1_162' title='bbox 354 2902 511 2962; x_wconf 88' lang='lat' dir='ltr'>codicibus</span> <span class='ocrx_word' id='word_1_163' title='bbox 537 2901 618 2964; x_wconf 93' lang='lat' dir='ltr'>Italis</span> <span class='ocrx_word' id='word_1_164' title='bbox 644 2902 844 2982; x_wconf 88' lang='lat' dir='ltr'>suppeditanti</span> <span class='ocrx_word' id='word_1_165' title='bbox 870 2901 987 2980; x_wconf 90' lang='lat' dir='ltr'>saepius</span> <span class='ocrx_word' id='word_1_166' title='bbox 1014 2904 1085 2962; x_wconf 87' lang='lat' dir='ltr'>dare</span> <span class='ocrx_word' id='word_1_167' title='bbox 1110 2922 1171 2962; x_wconf 92' lang='lat' dir='ltr'>non</span> 
     </span>
     <span class='ocr_line' id='line_1_24' title="bbox 168 3009 1172 3088; baseline 0.003 -24"><span class='ocrx_word' id='word_1_168' title='bbox 168 3026 322 3082; x_wconf 86' lang='lat' dir='ltr'>queamus.</span> <span class='ocrx_word' id='word_1_169' title='bbox 367 3009 487 3068; x_wconf 91' lang='lat' dir='ltr'>Horum</span> <span class='ocrx_word' id='word_1_170' title='bbox 511 3011 715 3070; x_wconf 90' lang='lat' dir='ltr'>testimonium</span> <span class='ocrx_word' id='word_1_171' title='bbox 739 3009 814 3086; x_wconf 92' lang='lat' dir='ltr'>siglo</span> <span class='ocrx_word' id='word_1_172' title='bbox 836 3010 890 3088; x_wconf 87' lang='lat' dir='ltr'>(m)</span> <span class='ocrx_word' id='word_1_173' title='bbox 916 3011 977 3068; x_wconf 90' lang='lat' dir='ltr'>sive</span> <span class='ocrx_word' id='word_1_174' title='bbox 1000 3028 1036 3068; x_wconf 90' lang='lat' dir='ltr'>ex</span> <span class='ocrx_word' id='word_1_175' title='bbox 1059 3029 1121 3068; x_wconf 93' lang='lat' dir='ltr'>uno</span> <span class='ocrx_word' id='word_1_176' title='bbox 1143 3021 1172 3069; x_wconf 90' lang='lat' dir='ltr'>et</span> 
     </span>
     <span class='ocr_line' id='line_1_25' title="bbox 167 3111 1156 3191; baseline 0.001 -20"><span class='ocrx_word' id='word_1_177' title='bbox 167 3113 261 3173; x_wconf 89' lang='lat' dir='ltr'>altero</span> <span class='ocrx_word' id='word_1_178' title='bbox 276 3111 338 3173; x_wconf 89' lang='lat' dir='ltr'>sive</span> <span class='ocrx_word' id='word_1_179' title='bbox 352 3132 369 3174; x_wconf 91' lang='lat' dir='ltr'>e</span> <span class='ocrx_word' id='word_1_180' title='bbox 384 3113 519 3191; x_wconf 92' lang='lat' dir='ltr'>pluribus</span> <span class='ocrx_word' id='word_1_181' title='bbox 535 3117 659 3176; x_wconf 91' lang='lat' dir='ltr'>ductum</span> <span class='ocrx_word' id='word_1_182' title='bbox 675 3118 806 3177; x_wconf 89' lang='lat' dir='ltr'>indicare</span> <span class='ocrx_word' id='word_1_183' title='bbox 821 3117 892 3176; x_wconf 89' lang='lat' dir='ltr'>satis</span> <span class='ocrx_word' id='word_1_184' title='bbox 907 3135 973 3177; x_wconf 92' lang='lat' dir='ltr'>esse</span> <span class='ocrx_word' id='word_1_185' title='bbox 987 3115 1156 3176; x_wconf 90' lang='lat' dir='ltr'>habuimus.</span> 
     </span>
    </p>

    <p class='ocr_par' dir='ltr' id='par_1_8' title="bbox 166 3220 1171 3621">
     <span class='ocr_line' id='line_1_26' title="bbox 208 3220 1171 3300; baseline 0.004 -22"><span class='ocrx_word' id='word_1_186' title='bbox 208 3220 343 3280; x_wconf 90' lang='lat' dir='ltr'>Tertium</span> <span class='ocrx_word' id='word_1_187' title='bbox 379 3241 473 3298; x_wconf 94' lang='lat' dir='ltr'>genus</span> <span class='ocrx_word' id='word_1_188' title='bbox 509 3234 553 3282; x_wconf 90' lang='lat' dir='ltr'>est</span> <span class='ocrx_word' id='word_1_189' title='bbox 585 3223 725 3283; x_wconf 90' lang='lat' dir='ltr'>codicum</span> <span class='ocrx_word' id='word_1_190' title='bbox 761 3226 849 3300; x_wconf 93' lang='lat' dir='ltr'>longe</span> <span class='ocrx_word' id='word_1_191' title='bbox 882 3222 1086 3300; x_wconf 92' lang='lat' dir='ltr'>plurimorum,</span> <span class='ocrx_word' id='word_1_192' title='bbox 1119 3223 1171 3300; x_wconf 92' lang='lat' dir='ltr'>qui</span> 
     </span>
     <span class='ocr_line' id='line_1_27' title="bbox 167 3326 1171 3406; baseline 0.003 -21"><span class='ocrx_word' id='word_1_193' title='bbox 167 3336 280 3386; x_wconf 90' lang='lat' dir='ltr'>textum</span> <span class='ocrx_word' id='word_1_194' title='bbox 303 3326 448 3404; x_wconf 90' lang='lat' dir='ltr'>praebent</span> <span class='ocrx_word' id='word_1_195' title='bbox 468 3326 615 3406; x_wconf 92' lang='lat' dir='ltr'>integrum</span> <span class='ocrx_word' id='word_1_196' title='bbox 636 3330 689 3389; x_wconf 87' lang='lat' dir='ltr'>sed</span> <span class='ocrx_word' id='word_1_197' title='bbox 709 3332 840 3391; x_wconf 90' lang='lat' dir='ltr'>eundem</span> <span class='ocrx_word' id='word_1_198' title='bbox 863 3329 986 3392; x_wconf 90' lang='lat' dir='ltr'>minime</span> <span class='ocrx_word' id='word_1_199' title='bbox 1008 3331 1111 3402; x_wconf 86' lang='lat' dir='ltr'>fidum,</span> <span class='ocrx_word' id='word_1_200' title='bbox 1128 3340 1171 3389; x_wconf 93' lang='lat' dir='ltr'>ut·</span> 
     </span>
     <span class='ocr_line' id='line_1_28' title="bbox 166 3433 1170 3514; baseline 0.003 -21"><span class='ocrx_word' id='word_1_201' title='bbox 166 3444 237 3510; x_wconf 92' lang='lat' dir='ltr'>pote</span> <span class='ocrx_word' id='word_1_202' title='bbox 252 3433 370 3494; x_wconf 89' lang='lat' dir='ltr'>mendis</span> <span class='ocrx_word' id='word_1_203' title='bbox 384 3433 519 3512; x_wconf 92' lang='lat' dir='ltr'>plurimis</span> <span class='ocrx_word' id='word_1_204' title='bbox 531 3447 695 3497; x_wconf 87' lang='lat' dir='ltr'>scatentem</span> <span class='ocrx_word' id='word_1_205' title='bbox 710 3448 741 3498; x_wconf 93' lang='lat' dir='ltr'>et</span> <span class='ocrx_word' id='word_1_206' title='bbox 756 3438 896 3498; x_wconf 91' lang='lat' dir='ltr'>Italorum</span> <span class='ocrx_word' id='word_1_207' title='bbox 910 3437 1048 3498; x_wconf 86' lang='lat' dir='ltr'>manibus</span> <span class='ocrx_word' id='word_1_208' title='bbox 1060 3436 1170 3514; x_wconf 92' lang='lat' dir='ltr'>passim</span> 
     </span>
     <span class='ocr_line' id='line_1_29' title="bbox 167 3540 1170 3621; baseline 0.005 -22"><span class='ocrx_word' id='word_1_209' title='bbox 167 3540 385 3618; x_wconf 91' lang='lat' dir='ltr'>interpolatum.</span> <span class='ocrx_word' id='word_1_210' title='bbox 441 3541 503 3602; x_wconf 92' lang='lat' dir='ltr'>Hic</span> <span class='ocrx_word' id='word_1_211' title='bbox 534 3554 634 3603; x_wconf 90' lang='lat' dir='ltr'>autern</span> <span class='ocrx_word' id='word_1_212' title='bbox 666 3543 759 3604; x_wconf 91' lang='lat' dir='ltr'>oritur</span> <span class='ocrx_word' id='word_1_213' title='bbox 790 3543 866 3605; x_wconf 91' lang='lat' dir='ltr'>inter</span> <span class='ocrx_word' id='word_1_214' title='bbox 896 3546 1002 3606; x_wconf 90' lang='lat' dir='ltr'>doctos</span> <span class='ocrx_word' id='word_1_215' title='bbox 1033 3545 1170 3621; x_wconf 86' lang='lat' dir='ltr'>quaestio</span> 
     </span>
    </p>
   </div>
   <div class='ocr_carea' id='block_1_8' title="bbox 166 3648 1169 3808">
    <p class='ocr_par' dir='ltr' id='par_1_9' title="bbox 166 3648 1169 3808">
     <span class='ocr_line' id='line_1_30' title="bbox 166 3648 1169 3713; baseline 0.004 -7"><span class='ocrx_word' id='word_1_216' title='bbox 166 3649 363 3709; x_wconf 90' lang='lat' dir='ltr'>vexatissima.</span> <span class='ocrx_word' id='word_1_217' title='bbox 405 3649 486 3710; x_wconf 88' lang='lat' dir='ltr'>Nam</span> <span class='ocrx_word' id='word_1_218' title='bbox 508 3667 578 3710; x_wconf 92' lang='lat' dir='ltr'>cum</span> <span class='ocrx_word' id='word_1_219' title='bbox 603 3648 706 3710; x_wconf 92' lang='lat' dir='ltr'>litteris</span> <span class='ocrx_word' id='word_1_220' title='bbox 729 3649 843 3711; x_wconf 86' lang='lat' dir='ltr'>Latinis</span> <span class='ocrx_word' id='word_1_221' title='bbox 863 3649 922 3711; x_wconf 90' lang='lat' dir='ltr'>iarn</span> <span class='ocrx_word' id='word_1_222' title='bbox 946 3648 1169 3713; x_wconf 89' lang='lat' dir='ltr'>renascentibus</span> 
     </span>
     <span class='ocr_line' id='line_1_31' title="bbox 652 3767 681 3808; baseline 0 0"><span class='ocrx_word' id='word_1_223' title='bbox 652 3767 681 3808; x_wconf 85' lang='grc' dir='ltr'>ιν</span> 
     </span>
    </p>
   </div>
   <div class='ocr_carea' id='block_1_9' title="bbox 0 0 1328 4216">
    <p class='ocr_par' dir='ltr' id='par_1_10' title="bbox 0 0 1328 4216">
     <span class='ocr_line' id='line_1_32' title="bbox 0 0 1328 4216; baseline 0 3"><span class='ocrx_word' id='word_1_224' title='bbox 0 0 1328 4216; x_wconf 95' lang='lat' dir='ltr'> </span> 
     </span>
    </p>
   </div>
  </div>
 </body>
</html>
