2648 4216
336 757 389 836 Μ.
427 759 590 835 TVLLI
629 759 933 836 CICERONIS

440 959 514 1034 DE
556 959 827 1034 ORATORE

297 1155 348 1208 An
369 1156 531 1221 Qvntrvu
555 1158 726 1208 FRATREM
752 1157 850 1207 LIBRI
874 1157 967 1208 TRES

469 1368 599 1428 LIBER
620 1367 840 1429 SECVNDVS

171 1527 294 1587 Mnorm
316 1525 405 1588 nobis
427 1525 534 1605 pueris,
561 1523 675 1602 Quinte
699 1526 794 1598 frater,
820 1523 845 1584 si
869 1523 1014 1586 memoria
1036 1535 1158 1598 tenes,1

129 1623 234 1702 opinio
254 1623 310 1685 suit
328 1625 362 1684 L
379 1626 521 1686 Crassum
541 1643 604 1684 non
624 1625 692 1702 plus
711 1621 843 1701 attigisse
863 1622 1025 1697 doctrinae,
1041 1643 1131 1701 quam

129 1732 277 1799 quantum
291 1720 387 1801 prima
400 1721 450 1783 illa
464 1721 569 1800 puerili
583 1720 770 1782 institutione
783 1718 948 1798 potuisset;
969 1721 1013 1780 M.
1032 1732 1133 1781 autem

129 1817 298 1879 Antonium
317 1817 443 1880 omnino
462 1817 560 1880 omnis
577 1816 752 1879 eruditionis
773 1828 923 1896 expertem
945 1828 1035 1895 atque
1056 1817 1124 1896 igna

100 1935 196 1992 5rum
210 1914 301 1977 fuisse
310 1937 319 1991 ;
340 1926 485 1993 erantque
499 1913 585 1975 multi
602 1914 662 1993 qui,
679 1934 862 1992 quamquam
878 1932 942 1975 non
960 1913 1003 1976 ita
1020 1934 1053 1976 se
1070 1935 1134 1976 rem

129 2013 241 2074 habere
254 2012 473 2086 arbitrarentur,
483 2024 594 2087 tamen,
609 2032 671 2090 quo
682 2011 796 2073 facilius
811 2032 867 2073 nos
880 2012 1019 2074 incensos
1034 2012 1135 2075 studio

130 2109 266 2172 discendi
286 2130 305 2171 a
325 2109 463 2171 doctrina
481 2112 670 2182 deterrerent,
690 2109 817 2171 libenter
837 2109 876 2183 id,
900 2111 984 2188 quod
1003 2110 1073 2185 dixi,
1095 2112 1135 2173 de

130 2207 187 2268 illis
214 2207 381 2269 oratoribus
408 2208 622 2288 praedicarent,
648 2218 689 2280 ut,
720 2207 745 2268 si
772 2206 911 2269 homines
937 2229 1000 2271 non
1027 2208 1135 2270 eruditi

130 2325 279 2366 summam
293 2316 393 2367 essent
407 2305 596 2384 prudentiam
610 2316 702 2384 atque
712 2304 918 2366 incredibilem
932 2305 1135 2384 eloquentiam

87 2429 118 2465 ιο
130 2403 292 2478 consecuti,
306 2403 403 2464 inanis
417 2403 516 2464 omnis
530 2414 632 2466 noster
646 2423 712 2464 esse
721 2403 805 2464 labor
819 2413 849 2464 et
863 2405 986 2463 stultum
1001 2403 1033 2463 in
1047 2402 1135 2465 nobis

130 2501 302 2563 erudiendis
321 2502 414 2581 patris
436 2502 538 2577 nostri,
562 2501 669 2581 optimi
689 2522 726 2562 ac
746 2499 969 2580 prudentissimi
991 2499 1053 2574 viri,
1077 2512 1136 2561 stu-

129 2599 214 2688 dium
234 2601 391 2663 videretur.
444 2603 531 2679 Quos
552 2612 625 2674 tum,
648 2611 681 2661 ut
700 2597 793 2677 pueri,
815 2599 941 2659 refutare
962 2597 1162 2659 domesticisr

129 2698 255 2761 testibus
273 2711 357 2778 patre
376 2710 407 2761 et
424 2702 458 2762 C.
475 2700 632 2760 Aculeone
645 2697 817 2777 propinquo
835 2705 938 2755 nostro
956 2705 986 2755 et
1001 2696 1035 2755 L
1052 2695 1136 2757 Cice-

129 2817 203 2858 rone
223 2808 330 2876 patruo
354 2798 534 2871 solebamus,
557 2797 641 2876 quod
662 2796 701 2856 de
723 2796 832 2857 Crasso
852 2802 987 2870 pateret
1008 2794 1133 2867 Aculeo,

85 2917 115 2967 ¹⁵
130 2913 262 2972 quocum
289 2906 352 2956 erat
379 2906 481 2957 nostra
507 2905 672 2968 matertera,
698 2911 789 2970 quem
818 2892 942 2952 Crassus
970 2889 1072 2952 dilexit
1098 2911 1135 2952 ex

129 2992 270 3054 omnibus
291 2992 461 3071 plurimum,
484 3003 515 3055 et
535 3004 664 3072 patruus,
688 2991 740 3070 qui
762 3009 833 3051 cum
855 2988 990 3050 Antonio
1010 2989 1042 3050 in
1065 2989 1135 3052 Cili·

129 3089 206 3150 ciam
227 3092 377 3169 profectus
398 3111 459 3152 una
480 3092 658 3164 decesserat,
671 3091 766 3150 multa
782 3090 870 3152 nobis
889 3089 929 3148 de
948 3086 1012 3148 eius
1032 3087 1133 3149 studio

128 3197 159 3248 et
178 3186 316 3249 doctrina
336 3207 426 3266 saepe
446 3187 574 3248 narravit
585 3209 594 3263 ;
622 3207 753 3265 cumque
773 3206 829 3249 nos
850 3207 920 3248 cum
945 3183 1131 3246 consobrinis

128 3346 192 3458 aaz}
208 3358 272 3405 1-13
289 3341 461 3405 Defin'mtibus
481 3342 514 3391 M
528 3342 662 3392 Iecn'omss
681 3341 855 3406 (Edangmsis
873 3357 968 3390 manus
987 3340 1131 3402 mmnbn's)

183 3425 242 3458 mus

161 3541 177 3589 s
194 3527 322 3639 potgrisset
332 3525 419 3578 codd:
438 3526 581 3589 paravisset
593 3524 657 3574 Reid
721 3539 737 3587 5
755 3540 806 3574 non
818 3541 868 3574 om.
882 3522 906 3572 L
973 3539 987 3585 7
1005 3523 1131 3572 dicendis

131 3607 162 3642 ro
178 3608 236 3643 esse
261 3610 272 3641 ε
