2648 4216
85 259 188 336 4⁸19,
479 261 523 322 M.
546 261 673 320 svam
696 261 930 322 crcaaours

199 446 385 501 concessum,
398 429 512 489 nullam
522 427 573 489 illa
587 449 677 490 causa
686 427 838 490 iustiorem
848 427 947 490 fuisse.
989 430 1072 490 Tum
1082 448 1206 490 ornnem

198 523 365 587 orationem
387 524 504 587 traduxi
530 536 561 588 et
588 525 721 587 converti
742 524 774 585 in
801 525 1016 605 increpandam
1043 525 1205 604 Caepionis

200 624 309 701 fugam,
329 623 361 683 in
382 625 601 702 deplorandum
621 623 774 685 interitum
795 623 958 686 exercitus:
988 622 1031 683 sic
1052 635 1206 684 eteorum

200 722 345 795 dolorem,
361 721 413 800 qui
432 723 574 800 lugebant
594 741 673 796 suos,
689 721 824 783 oratione
844 720 1020 782 refricabam
1039 733 1070 781 et
1088 719 1206 781 animos

199 818 335 897 equitum
346 821 563 893 Romanorum,
574 821 656 897 apud
667 839 744 897 quos
757 830 823 879 tum
832 817 947 879 iudices
956 838 1047 879 causa
1054 819 1204 896 agebatur,
1222 839 1236 888 5

199 918 238 977 ad
263 918 301 993 Q.
326 916 489 995 Caepionis
510 915 624 991 odium,
650 937 669 974 a
691 936 752 994 quo
773 926 857 976 erant
876 915 935 994 ipsi
954 926 1076 995 propter
1096 914 1207 977 iudicia

200 1013 367 1086 abalienati,
378 1013 567 1074 renovabam.
611 1014 704 1089 Quod
719 1012 771 1073 ubi
781 1011 860 1073 sensi
874 1033 924 1073 me
938 1011 969 1072 in
983 1012 1206 1092 possessionem

200 1109 293 1172 iudici
306 1130 342 1172 ac
356 1110 539 1173 defensionis
560 1130 646 1173 meae
662 1110 840 1184 constitisse,
856 1112 940 1189 quod
954 1123 984 1172 et
998 1109 1102 1188 populi
1117 1112 1208 1172 bene-

199 1207 362 1268 volentiam
377 1207 451 1268 mihi
465 1207 665 1282 conciliatam,
681 1207 767 1268 cuius
786 1207 833 1267 ius
849 1207 940 1269 etiarn
958 1228 1028 1268 curn
1050 1207 1206 1268 seditionis

199 1304 413 1366 coniunctione
442 1307 644 1377 defenderam,
675 1315 706 1366 et
736 1303 872 1364 iudicum
902 1304 1021 1365 animos
1049 1315 1129 1364 totos
1158 1307 1206 1366 vel
1222 1324 1255 1360 10

200 1401 368 1464 calamitate
382 1401 509 1463 civitatis
524 1404 572 1463 vel
585 1403 669 1462 luctu
689 1421 725 1462 ac
739 1400 889 1463 desiderio
907 1401 1144 1481 propinquorum
1158 1404 1206 1463 vel

200 1499 273 1561 odio
285 1499 406 1578 proprio
419 1498 452 1558 in
466 1498 700 1578 Caepionemad
713 1518 834 1559 causam
848 1510 981 1559 nostram
992 1510 1205 1573 converteram,

200 1606 266 1657 tum
279 1595 444 1658 admiscere
458 1594 529 1656 huic
541 1594 643 1674 generi
660 1594 803 1656 orationis
819 1594 992 1657 vehementi
1008 1606 1099 1673 atque
1113 1595 1207 1658 atroci

199 1715 295 1773 genus
318 1694 392 1756 illud
419 1697 554 1768 alterum,
583 1696 623 1756 de
650 1714 712 1772 quo
739 1704 810 1754 ante
831 1692 989 1771 disputavi,
1019 1691 1148 1754 lenitatis
1177 1705 1207 1755 et

201 1791 439 1854 mansuetudinis
466 1791 571 1871 coepi:
605 1811 656 1852 me
682 1810 738 1870 pro
765 1810 835 1851 meo
862 1789 966 1865 sodali,
993 1789 1045 1868 qui
1072 1791 1147 1851 mihi
1175 1791 1206 1851 in
1222 1812 1252 1860 15

200 1889 329 1952 liberum
342 1892 412 1952 loco
425 1911 509 1952 more
527 1888 674 1951 maiorum
692 1909 757 1950 esse
771 1890 903 1962 deberet,
919 1899 949 1950 et
967 1908 1022 1967 pro
1042 1908 1110 1950 mea
1123 1888 1207 1948 omni

141 2030 143 2036 ·
200 1990 281 2049 fama
304 2007 398 2066 prope
421 1987 607 2066 fortunisque
629 1989 789 2048 decernere
800 2009 810 2062 3
840 1986 915 2046 nihil
942 1986 1017 2046 mihi
1044 1989 1084 2048 ad
1112 1986 1208 2047 existi-

201 2085 366 2147 mationem
379 2085 503 2164 turpius,
518 2085 594 2145 nihil
603 2087 644 2147 ad
658 2087 793 2147 dolorem
808 2084 944 2145 acerbius
958 2084 1094 2145 accidere
1108 2104 1205 2162 posse,

201 2202 293 2260 quam
315 2181 340 2242 si
364 2181 397 2256 is,
423 2181 476 2260 qui
500 2201 589 2261 saepe
609 2181 797 2243 alienissimis
817 2202 836 2242 a
856 2201 913 2254 me,
937 2182 990 2243 sed
1012 2181 1086 2241 meis
1106 2193 1207 2242 tamen

200 2279 316 2340 civibus
335 2278 423 2339 saluti
443 2279 625 2341 existimarer
644 2279 744 2353 fuisse,
765 2277 860 2340 sodali
881 2298 951 2339 meo
969 2278 1111 2338 auxilium
1132 2281 1207 2340 ferre
1223 2298 1256 2334 πο

140 2395 187 2433 ror
201 2396 264 2437 non
278 2376 450 2455 potuissem.
494 2379 638 2438 Petebam
657 2396 676 2437 a
693 2375 844 2437 iudicibus
858 2386 892 2435 ut
910 2375 984 2436 illud
1003 2375 1092 2437 aetati
1112 2396 1206 2450 meae,

201 2484 235 2534 ut
248 2473 421 2547 honoribus,
437 2484 470 2534 ut
484 2474 573 2535 rebus
591 2473 689 2552 gestis,
705 2473 730 2534 si
748 2473 835 2546 iusto,
852 2472 877 2532 si
891 2472 942 2550 pio
961 2474 1066 2533 dolore
1080 2493 1128 2534 me
1142 2494 1209 2536 esse

200 2573 353 2632 adfectum
367 2571 511 2643 viderent,
528 2573 750 2646 concederent;
769 2569 942 2649 praesertim
952 2568 1018 2629 siin
1031 2569 1096 2630 aliis
1111 2571 1208 2632 causis

200 2667 415 2730 intellexissent
442 2667 545 2729 omnia
571 2689 621 2729 me
649 2687 767 2746 semper
787 2687 842 2746 pro
870 2665 1035 2728 amicorum
1059 2667 1206 2745 periculis

200 2765 276 2826 nihil
293 2786 437 2844 umquam
454 2785 509 2845 pro
528 2785 577 2827 me
596 2764 663 2843 ipso
679 2766 880 2842 deprecatum.
932 2762 982 2823 sic
1003 2762 1035 2822 in
1054 2763 1104 2824 illa
1124 2764 1208 2825 omni
1224 2787 1255 2837 ²5

201 2863 377 2925 defensione
390 2874 481 2941 atque
495 2883 593 2935 causa,
605 2863 688 2940 quod
697 2881 763 2922 esse
776 2860 808 2921 in
822 2872 884 2922 arte
895 2860 1027 2939 positum
1041 2860 1206 2935 videbatur,

201 2973 236 3023 ut
253 2963 293 3022 de
312 2962 378 3039 lege
398 2958 549 3038 Appuleia
569 2959 709 3033 dicerem,
729 2969 763 3019 ut
782 2957 856 3037 quid
873 2968 951 3018 esset
967 2957 1102 3019 minuere
1120 2958 1210 3019 maie

202 3070 309 3119 statem
324 3057 512 3135 explicarem,
528 3076 673 3136 perquam
690 3055 820 3118 breviter
833 3053 989 3134 perstrinxi
1003 3065 1094 3133 atque
1107 3054 1209 3133 attigi3

141 980 185 1039 49

139 1070 186 1106 200

201 3156 248 3216 his
272 3156 391 3217 duabus
413 3153 548 3233 partibus
575 3152 726 3226 orationis,
755 3173 882 3231 quarum
903 3154 996 3212 altera
1017 3154 1210 3213 commenda-

201 3253 315 3314 tionem
329 3252 429 3325 habet,
445 3253 538 3312 altera
555 3249 796 3322 concitationem,
812 3269 890 3327 quae
904 3247 1029 3310 minime
1042 3249 1208 3328 praeceptis
1222 3276 1256 3326 30

199 3349 310 3411 artium
324 3359 394 3409 sunt
407 3347 579 3426 perpolitae,
590 3346 690 3408 omnis
704 3356 749 3408 est
762 3366 782 3407 a
795 3366 845 3407 me
858 3345 910 3406 illa
923 3366 1013 3406 causa
1027 3357 1159 3420 tractata,
1174 3359 1209 3408 ut

234 3493 392 3545 M=AEH
489 3508 501 3541 1
528 3508 630 3544 cauum
647 3490 671 3542 L
688 3493 755 3556 vulg.
855 3507 942 3555 pren.
960 3501 1038 3555 etque
1056 3493 1208 3542 revocabam

202 3562 253 3613 ΟΡ
336 3556 520 3624 pinsant]
616 3573 647 3608 ιο
660 3555 848 3607 coniunctioM
903 3557 1213 3608 defetiudlcumom.M

200 3625 445 3692 (aeliasavaffl)
514 3624 547 3672 1⁶
562 3623 659 3674 maiore
668 3622 825 3673 maiorumA
894 3638 926 3673 aa
937 3625 960 3673 si
970 3622 1114 3686 pioom.M
1177 3639 1209 3685 23

201 3694 374 3743 concederent
382 3687 474 3740 om.M
520 3705 553 3752 29
563 3687 726 3740 orationisM
731 3688 829 3750 (atrita
840 3693 904 3752 spat.
918 3705 969 3739 vac.
979 3689 1033 3751 Hl:
1052 3689 1210 3739 orationibus

202 3759 281 3810 E¹mr
299 3758 413 3821 partibus
424 3755 548 3807 orationis
558 3753 581 3803 L
590 3753 657 3819 vulg.
729 3767 761 3816 31
780 3768 848 3804 ame
860 3752 900 3802 L:
918 3762 1003 3804 tamen
1015 3753 1048 3802 M
