2648 4216
439 255 499 314 DE
519 252 726 314 ORATORE
768 251 820 312 111

127 419 338 501 adipiscendos
359 431 390 482 et
408 422 450 481 ad
470 438 534 481 rem
553 417 706 498 publicam
728 418 891 495 gerendam
914 415 989 478 nudi
1008 415 1132 478 veniunt

126 530 217 597 atque
231 518 370 592 inermes,
383 518 466 578 nulla
483 515 655 594 cognitione
669 534 776 588 rerum,
791 515 874 574 nulla
887 512 1012 575 scientia
1025 512 1129 574 ornati.

127 614 180 676 Sin
196 615 304 692 aliquis
324 614 442 676 excellit
456 633 534 674 unus
549 632 568 672 e
589 611 701 685 multis,
715 613 798 672 effert
811 630 855 685 se,
869 610 894 671 si
909 631 1003 671 unum
1017 609 1131 688 aliquid

126 712 230 786 adfert,
251 722 303 773 aut
323 710 462 772 bellicam
477 709 616 770 virtutem
636 720 689 769 aut
702 728 791 769 usum
805 707 936 788 aliquem
955 707 1132 783 militarem;

98 826 112 876 5
127 827 205 886 quae
226 829 297 870 sane
318 829 400 870 nunc
421 806 545 887 quidem
563 807 776 869 obsoleverunt
784 827 794 880 ;
813 816 866 866 aut
879 805 951 866 iuris
965 805 1132 882 scientiam,

126 925 166 967 ne
187 906 252 968 eius
272 905 396 985 quidem
419 905 547 966 universi
556 926 566 980 ;
585 925 657 966 nam
675 903 875 982 pontificium,
894 906 978 982 quod
997 916 1042 965 est
1062 924 1133 965 con-

126 1003 271 1078 iunctum,
293 1024 385 1065 nemo
405 1003 513 1078 discit;
532 1012 584 1064 aut
605 1001 816 1079 eloquentiam,
839 1021 931 1079 quam
950 1001 982 1061 in
1001 1004 1132 1063 clamore

126 1111 157 1163 et
177 1101 209 1162 in
226 1101 385 1162 verborum
405 1120 494 1161 cursu
512 1099 641 1178 positam
657 1109 766 1177 putant
774 1121 784 1174 3
804 1097 941 1159 omnium
955 1119 1025 1160 vero
1040 1099 1132 1161 bona·

127 1218 192 1258 rum
210 1199 328 1273 artium,
343 1197 476 1276 denique
489 1197 632 1258 virtutum
644 1196 777 1275 ipsarum
791 1196 966 1258 societatem
980 1197 1131 1275 cognatio-

84 1314 115 1351 ιο
127 1315 258 1375 nemque
272 1316 334 1356 non
344 1306 463 1357 norunt.
506 1296 567 1356 Sed
575 1305 610 1355 ut
618 1296 659 1355 ad
668 1296 800 1356 Graecos
814 1296 939 1356 referam
954 1294 1127 1368 orationem,
1146 1352 1156 1386 ¹
1162 1350 1194 1402 37

126 1392 236 1471 quibus
247 1413 346 1454 carere
360 1395 419 1454 hoc
433 1392 557 1471 quidem
567 1391 599 1453 in
612 1391 759 1452 sermonis
772 1412 880 1470 genere
894 1412 956 1454 non
970 1414 1130 1471 possumus

126 1511 238 1550 —narn
257 1500 290 1550 ut
308 1489 424 1552 virtutis
439 1510 459 1550 a
476 1488 593 1562 nostris,
615 1488 659 1550 sic
679 1488 835 1551 doctrinae
855 1500 926 1550 sunt
946 1491 985 1551 ab
1006 1490 1064 1551 illis
1084 1511 1132 1552 ex-

126 1590 227 1666 empla
248 1590 537 1665 petenda-septem
558 1585 650 1647 fuisse
674 1585 816 1647 dicuntur
835 1607 898 1649 uno
920 1598 1062 1667 tempore,
1078 1586 1131 1666 qui

126 1684 277 1763 sapientes
300 1697 331 1746 et
358 1686 539 1746 haberentur
561 1694 593 1745 et
619 1694 814 1745 vocarentur:
835 1684 867 1745 hi
889 1705 996 1745 omnes
1016 1694 1133 1763 praeter

82 1799 112 1850 15
128 1781 282 1843 Milesium
290 1784 407 1844 Thalen
421 1781 592 1843 civitatibus
605 1780 667 1842 suis
680 1784 880 1860 praefuerunt.
924 1781 1000 1858 Quis
1015 1782 1132 1843 doctior

125 1878 240 1940 eisdem
269 1881 455 1958 temporibus
482 1879 540 1940 illis
568 1891 621 1940 aut
644 1879 729 1940 cuius
757 1878 930 1958 eloquentia
956 1878 1061 1940 litteris
1088 1879 1132 1940 in·

125 1977 264 2038 structior
276 1977 367 2038 fuisse
381 1977 507 2038 traditur
519 1996 612 2055 quam
623 1976 790 2037 Pisistrati?
810 1976 862 2054 qui
876 1976 989 2056 primus
1002 1976 1131 2038 Homeri

124 2073 216 2135 libros
230 2077 372 2136 confusos
391 2087 480 2136 antea
500 2075 544 2135 sic
561 2071 746 2152 disposuisse
759 2073 877 2150 dicitur,
893 2085 926 2135 ut
944 2095 1026 2135 nunc
1041 2076 1131 2136 habe-

124 2193 199 2234 mus.
257 2174 329 2233 Non
354 2172 409 2232 fuit
437 2172 487 2234 ille
514 2171 638 2249 quidem
662 2172 777 2232 civibus
806 2172 868 2232 suis
894 2172 983 2247 utilis,
1009 2175 1064 2234 sed
1088 2173 1130 2233 ita

80 2271 296 2347 ineloquentia
314 2270 424 2345 floruit,
437 2281 472 2332 ut
492 2269 595 2330 litteris
616 2269 814 2347 doctrinaque
831 2281 1001 2347 praestaret.
1045 2271 1129 2347 Quid
1144 2278 1192 2342 138

125 2367 276 2430 Pericles?
292 2370 332 2429 de
346 2367 431 2428 cuius
445 2367 475 2428 vi
489 2366 611 2428 dicendi
625 2366 669 2427 sic
687 2365 869 2444 accepimus,
883 2377 926 2441 ut,
940 2378 1131 2429 cumcontra

123 2469 309 2526 voluntatem
336 2464 569 2525 Atheniensium
600 2465 772 2540 loqueretur
805 2483 860 2542 pro
893 2466 990 2525 salute
1016 2463 1129 2543 patriae

123 2563 261 2640 severius,
274 2573 376 2623 tamen
389 2561 422 2623 id
432 2561 539 2640 ipsum,
552 2562 636 2638 quod
650 2558 700 2620 ille
710 2570 815 2619 contra
827 2559 979 2638 popularis
990 2560 1128 2622 homines

123 2660 244 2734 diceret,
259 2661 404 2738 populare
421 2657 563 2718 omnibus
577 2668 608 2717 et
621 2656 788 2717 iucundum
802 2656 952 2717 videretur
960 2679 969 2732 3
990 2657 1075 2719 cuius
1096 2658 1128 2718 in

79 2783 109 2834 25
123 2755 212 2817 labris
234 2768 348 2816 veteres
369 2754 489 2830 comici,
510 2754 600 2816 etiarn
624 2775 695 2815 curn
717 2753 760 2814 illi
781 2756 860 2814 male
880 2752 1015 2815 dicerent
1031 2755 1128 2835 (quod

123 2865 187 2914 tum
202 2852 330 2913 Athenis
349 2851 413 2912 fieri
430 2850 562 2930 licebat),
581 2852 713 2929 leporem
735 2849 886 2911 habitasse
906 2850 1045 2913 dixerunt
1065 2863 1128 2912 tan-

123 2963 245 3029 tamque
263 2951 295 3012 in
317 2953 426 3012 eodem
450 2949 512 3009 vim
535 2947 633 3023 fuisse,
655 2959 690 3009 ut
712 2947 871 3009 incorum
893 2949 1052 3024 mentibus,
1075 2949 1128 3029 qui

122 3049 283 3124 audissent,
299 3048 385 3127 quasi
398 3050 519 3109 aculeos
534 3048 682 3125 quosdam
691 3046 878 3124 relinqueret.
921 3050 963 3108 At
973 3050 1056 3109 hunc
1065 3069 1128 3110 non

122 3149 305 3208 declamator
325 3146 417 3225 aliqui
438 3148 478 3206 ad
499 3147 685 3223 clepsydram
707 3147 812 3206 latrare
834 3147 986 3220 docuerat,
1009 3148 1071 3221 sed,
1094 3157 1128 3208 ut

82 3276 91 3296 ·'
154 3268 187 3317 M
198 3291 220 3309 =
233 3267 316 3317 AEH
379 3265 950 3330 5obsoleveruntLougnbsolueruntl!
1008 3267 1127 3330 6ponti-

123 3334 199 3383 ficum
211 3333 310 3382 H¹Am
385 3351 402 3396 9
420 3334 655 3396 cognationemque
667 3332 699 3380 H
707 3348 768 3382 corr.
781 3347 814 3392 32
827 3350 833 3381 :
851 3331 1085 3394 cogitationemque
1098 3330 1131 3379 M

123 3415 152 3448 11
172 3398 266 3448 hocM
274 3416 280 3448 ε
297 3400 323 3448 in
334 3398 418 3448 hocL
499 3415 530 3447 ru
547 3396 704 3448 virtutisL:
721 3396 875 3447 virtutesM
950 3412 981 3457 13
999 3399 1127 3458 petendae

120 3463 246 3512 mmm:
264 3467 377 3525 petendo
388 3464 507 3514 H¹A¹E:
525 3464 643 3527 exempla
656 3464 798 3525 repetenda
810 3462 833 3510 L
846 3463 913 3526 vulg.
1003 3478 1032 3523 17
1050 3463 1127 3512 tradi-

120 3527 272 3580 turom.M
370 3546 400 3593 19
417 3532 453 3580 ita
464 3529 561 3580 om.M
658 3544 688 3576 ar
707 3531 732 3577 vi
745 3529 848 3577 dicendi
862 3529 902 3578 lo:
925 3528 1028 3576 dicendi
1043 3529 1128 3578 vimr

122 3596 223 3644 dicendi
236 3597 311 3657 copia
321 3594 345 3642 L
357 3597 424 3660 vulg.
437 3614 444 3645 z
461 3596 564 3646 dicendi
576 3594 609 3643 M
721 3610 779 3644 curn
791 3610 841 3642 om.
855 3592 888 3641 M
1008 3609 1040 3654 24
1057 3594 1127 3644 dice·

121 3659 213 3709 retL:
231 3660 381 3710 doceretM
454 3675 487 3724 25
503 3661 575 3710 libris
587 3658 646 3708 Mm
723 3676 754 3721 ⁹7
773 3659 840 3708 eoL
918 3675 952 3722 29
969 3659 1129 3710 declamator

121 3724 152 3773 M
162 3743 168 3774 r
185 3727 307 3775 clamator
318 3724 341 3774 L
353 3725 423 3790 vulg.
522 3726 600 3786 aliqui
612 3725 681 3774 AB:
698 3724 791 3788 aliquis
803 3725 871 3788 vulg.
