2648 4216
447 247 505 308 mr
527 246 734 309 omrous
776 248 828 309 111
1151 263 1251 328 ψη

132 425 164 479 et
184 415 273 494 copia
293 415 468 493 petebatur,
489 417 529 477 de
549 415 656 477 virtute
677 415 767 490 enim,
789 418 829 478 de
850 416 959 492 officio,
979 418 1018 479 de
1038 437 1137 497 aequo

131 523 162 573 et
181 513 272 586 bono,
288 514 328 574 de
341 511 493 591 dignitate,
510 512 644 587 utilitate,
660 515 782 588 honore,
801 513 973 593 ignominia,
994 514 1134 592 praemio,

130 628 232 687 poena
252 609 459 688 similibusque
479 610 519 671 de
539 611 627 671 rebus
648 609 681 670 in
701 621 859 688 utramque
879 623 993 689 partem
1014 610 1136 674 dicendi

131 707 222 768 etiam
233 726 288 767 nos
299 717 330 768 et
338 706 399 767 vim
408 718 438 768 et
446 718 540 768 artem
552 708 662 769 habere
673 709 827 770 debemus.
871 710 932 770 Sed
940 709 1084 787 quoniam
1096 710 1136 770 de
1152 715 1198 764 108

101 823 116 874 5
130 817 232 867 nostra
245 804 434 884 possessione
447 804 565 884 depulsi
578 804 610 866 in
625 825 717 884 parvo
735 817 765 867 et
786 826 824 868 eo
840 805 969 886 litigioso
983 806 1137 886 praediolo

129 902 223 964 relicti
237 923 341 965 sumus
360 915 391 965 et
407 902 533 964 aliorum
551 902 670 982 patroni
685 914 787 965 nostra
803 915 905 966 tenere
921 904 1057 985 tuerique
1073 925 1136 967 non

129 1000 291 1080 potuimus,
306 1002 346 1064 ab
365 1000 416 1076 eis,
435 1003 519 1081 quod
540 1001 780 1081 indignissimum
801 1014 855 1077 est,
875 1002 928 1082 qui
948 1003 980 1063 in
999 1014 1135 1064 nostrum

128 1099 342 1179 patrimonium
356 1097 538 1179 inruperunt,
555 1102 638 1180 quod
652 1120 729 1179 opus
743 1112 788 1162 est
801 1100 891 1162 nobis
905 1112 1083 1162 mutuemur.
1148 1148 1188 1206 ²8

126 1253 128 1256 ,
171 1197 286 1259 Dicunt
304 1197 392 1276 igitur
413 1218 495 1259 nunc
517 1198 641 1277 quidem
664 1197 714 1272 illi,
740 1199 793 1278 qui
816 1220 854 1260 ex
877 1199 1021 1278 particula
1044 1219 1135 1278 parva

84 1312 116 1352 ro
129 1295 211 1356 urbis
238 1316 274 1356 ac
301 1295 361 1356 loci
388 1315 501 1357 nomen
533 1297 646 1358 habent
681 1307 712 1357 et
746 1296 935 1375 Peripatetici
963 1296 1134 1375 philosophi

128 1404 180 1453 aut
202 1392 378 1454 Academici
402 1393 601 1467 nominantur,
627 1393 699 1454 olim
725 1404 827 1455 autem
849 1405 970 1473 propter
994 1392 1133 1454 eximiam

128 1510 227 1552 rerum
263 1490 459 1551 maximarum
497 1490 652 1551 scientiam
690 1511 709 1551 a
742 1490 864 1552 Graecis
898 1490 1012 1570 politici
1040 1491 1134 1569 philo

1152 1254 1197 1304 ¹09

128 1587 215 1666 sophi
236 1587 377 1667 appellati
397 1587 600 1649 universarum
619 1608 717 1648 rerum
736 1587 923 1666 publicarum
941 1587 1064 1650 nomine
1084 1609 1135 1652 vo

128 1686 281 1758 cabantur,
303 1705 427 1747 omnem
455 1685 574 1747 civilem
603 1685 769 1748 orationem
798 1685 830 1748 in
861 1688 968 1747 horum
992 1689 1134 1749 alterutro

84 1797 115 1850 15
127 1801 237 1859 genere
248 1784 377 1844 versari:
397 1793 449 1842 aut
462 1785 502 1844 de
519 1782 603 1842 finita
621 1782 822 1845 controversia
841 1783 928 1844 certis
948 1784 1133 1861 temporibus

128 1897 164 1938 ac
178 1878 252 1954 reis3
274 1881 333 1940 hoc
347 1883 457 1941 modo:
478 1882 634 1959 placeatne
647 1901 666 1941 a
681 1880 981 1960 Karthaginiensibus
999 1881 1133 1959 captivos

127 1986 256 2036 nostros
269 1975 393 2038 redditis
417 1977 478 2038 suis
502 1979 690 2057 recuperari?
720 1990 773 2040 aut
797 1978 913 2040 infinite
933 1981 973 2040 de
993 1979 1132 2041 universo

127 2090 236 2148 genere
248 2072 436 2150 quaerentis:
457 2073 531 2151 quid
550 2075 675 2136 omnino
694 2078 734 2137 de
750 2075 870 2154 captivo
886 2078 1079 2138 statuendum
1095 2097 1131 2138 ac

127 2166 318 2229 sentiendum
333 2169 395 2231 sit?
428 2173 529 2250 Atque
542 2173 650 2232 horum
664 2172 799 2251 superius
813 2172 888 2234 illud
901 2193 995 2251 genus
1009 2194 1129 2235 causam

82 2286 115 2323 ao
126 2275 179 2324 aut
193 2266 424 2327 controversiam
438 2269 589 2346 appellant
603 2289 732 2346 eamque
746 2269 848 2344 tribus,
860 2269 912 2330 lite
925 2281 977 2330 aut
988 2269 1131 2332 delibera·

27 2430 34 2443 N
127 2361 209 2422 tione
222 2373 275 2423 aut
288 2364 467 2438 laudatione,
484 2365 631 2426 definiunt
640 2388 649 2441 ;
670 2368 746 2427 haec
764 2376 865 2428 autem
883 2370 976 2428 altera
993 2367 1130 2444 quaestio

126 2457 243 2520 infinita
266 2471 297 2520 et
320 2460 405 2538 quasi
429 2461 581 2540 proposita
602 2462 782 2528 consultatio
806 2464 984 2525 nominatur.
1028 2467 1129 2542 Atque
1143 2485 1189 2522 110

128 2553 285 2638 [hactenus
309 2556 481 2640 loquantur]
507 2558 597 2619 etiam
625 2561 683 2620 hac
709 2561 742 2619 in
770 2559 955 2621 instituendo
982 2559 1129 2621 divisione

126 2665 257 2729 utuntur,
273 2656 327 2716 sed
346 2655 395 2729 ita,
411 2677 473 2718 non
494 2668 527 2717 ut
548 2657 611 2719 iure
631 2669 683 2718 aut
704 2657 824 2730 iudicio,
847 2656 876 2717 vi
897 2657 1029 2735 denique
1049 2678 1131 2719 recu·

81 2775 111 2827 ²5
125 2772 228 2831 perarc
251 2752 391 2813 amissam
413 2754 641 2832 possessionem,
664 2757 718 2817 sed
740 2767 774 2816 ut
797 2753 872 2837 [iure
893 2751 985 2836 civili]
1010 2757 1130 2817 surculo

125 2849 322 2927 defringendo
336 2870 477 2928 usurpare
490 2851 654 2913 videantur.
699 2855 778 2913 Nam
792 2852 867 2914 illud
880 2853 1006 2913 alterum
1024 2873 1127 2930 genus,

125 2949 209 3024 quod
228 2958 273 3008 est
287 2949 480 3027 temporibus,
500 2949 583 3024 locis,
605 2950 662 3011 reis
680 2949 849 3024 definitum,
870 2948 1016 3024 obtinent,
1032 2962 1129 3030 ,atque

125 3044 159 3105 id
184 3045 283 3124 ipsum
311 3047 542 3109 lacinia-nunc
569 3047 650 3109 enim
677 3050 760 3126 apud
783 3046 952 3121 Philonem,
978 3067 1069 3125 quem
1096 3048 1128 3111 in

124 3144 290 3205 Academia
301 3142 454 3228 [maxime]
464 3144 562 3226 vigere
572 3145 672 3220 audio,
683 3144 773 3206 etiam
784 3147 890 3205 harum
901 3143 961 3205 iam
972 3166 1128 3208 causarum

157 3294 292 3356 adicendi
317 3295 395 3344 etiam
419 3309 467 3342 nos
491 3293 584 3355 Sorof.
613 3294 637 3342 d.
660 3294 759 3342 animos
785 3291 872 3342 codd:
900 3293 925 3343 d.
940 3293 1044 3355 copiose
1058 3293 1127 3342 Koch

124 3359 194 3421 9ἰ11ἰ
216 3360 261 3420 qui
284 3374 352 3408 nunc
374 3359 477 3421 quidem
500 3358 611 3408 Sclnlta·
638 3359 743 3420 quidem
767 3357 804 3406 illi
826 3358 872 3408 del.
895 3357 996 3407 Ellendt
1096 3373 1127 3422 15

125 3425 246 3474 definitae
257 3425 449 3474 controversiae
460 3423 550 3474 Pearce
635 3425 666 3472 18
682 3424 838 3484 quaerentis,
853 3430 881 3472 ut
899 3423 1021 3472 Matthias
1056 3468 1058 3473 ,
1094 3440 1126 3486 ag

124 3489 250 3539 hactenus
273 3490 411 3551 loquantur
432 3489 484 3539 secl.
514 3489 650 3552 Kayser(
641 3488 716 3550 (illud
740 3488 868 3551 Ellendt).
896 3489 1037 3550 loquuntur
1058 3489 1125 3552 vulg.

124 3555 150 3602 in
173 3554 271 3603 addidet
291 3554 393 3605 Ernesti
521 3571 554 3615 24
583 3555 650 3604 Cum
671 3554 749 3603 verbis
771 3569 824 3602 non
847 3560 875 3602 ut
898 3554 953 3603 iure
977 3553 1078 3602 redeunt
1096 3555 1129 3602 M

124 3617 188 3666 M=
200 3618 286 3667 AEH
364 3619 514 3681 videntque
526 3618 678 3668 Manutrus
695 3627 723 3669 ut
741 3619 854 3683 denique
872 3617 942 3669 codd.
1019 3633 1052 3681 ⁸5
1068 3618 1125 3668 iure

124 3683 253 3734 civilisecl.
267 3683 367 3734 Ellendt
473 3701 507 3748 99
523 3685 695 3736 maximeom.
710 3684 744 3734 M
1047 3743 1048 3747 Ἰ
1114 3740 1116 3744 ,

157 3765 204 3801 cre
218 3764 342 3802 brom.
1028 3749 1059 3799 14
