<?xml version="1.0" encoding="UTF-8"?>
<!DOCTYPE html PUBLIC "-//W3C//DTD XHTML 1.0 Transitional//EN"
    "http://www.w3.org/TR/xhtml1/DTD/xhtml1-transitional.dtd">
<html xmlns="http://www.w3.org/1999/xhtml" xml:lang="en" lang="en">
 <head>
  <title>
</title>
<meta http-equiv="Content-Type" content="text/html;charset=utf-8" />
  <meta name='ocr-system' content='tesseract 3.04.00' />
  <meta name='ocr-capabilities' content='ocr_page ocr_carea ocr_par ocr_line ocrx_word'/>
</head>
<body>
  <div class='ocr_page' id='page_1' title='image "./mtvlliciceronis01wilkgoog/mtvlliciceronis01wilkgoog_0200.png"; bbox 0 0 2648 4216; ppageno 0'>
   <div class='ocr_carea' id='block_1_1' title="bbox 436 264 1218 339">
    <p class='ocr_par' dir='ltr' id='par_1_1' title="bbox 436 264 1218 339">
     <span class='ocr_line' id='line_1_1' title="bbox 436 264 1218 339; baseline 0.001 -15"><span class='ocrx_word' id='word_1_1' title='bbox 436 264 495 325; x_wconf 86' lang='lat' dir='ltr'>DE</span> <span class='ocrx_word' id='word_1_2' title='bbox 516 264 724 327; x_wconf 86' lang='lat' dir='ltr'>ORATORE</span> <span class='ocrx_word' id='word_1_3' title='bbox 766 265 818 326; x_wconf 93' lang='lat'>111</span> <span class='ocrx_word' id='word_1_4' title='bbox 1144 272 1218 339; x_wconf 77' lang='lat'>1142</span> 
     </span>
    </p>
   </div>
   <div class='ocr_carea' id='block_1_2' title="bbox 81 415 1178 3534">
    <p class='ocr_par' dir='ltr' id='par_1_2' title="bbox 81 415 1178 3534">
     <span class='ocr_line' id='line_1_2' title="bbox 122 415 1130 508; baseline 0.001 -18"><span class='ocrx_word' id='word_1_5' title='bbox 122 431 281 491; x_wconf 89' lang='lat' dir='ltr'>confirmat</span> <span class='ocrx_word' id='word_1_6' title='bbox 294 431 483 491; x_wconf 89' lang='lat' dir='ltr'><strong>consuetudo</strong></span> <span class='ocrx_word' id='word_1_7' title='bbox 497 440 528 491; x_wconf 93' lang='lat' dir='ltr'>et</span> <span class='ocrx_word' id='word_1_8' title='bbox 541 415 660 508; x_wconf 87' lang='lat' dir='ltr'>legendi</span> <span class='ocrx_word' id='word_1_9' title='bbox 675 441 705 490; x_wconf 90' lang='lat' dir='ltr'>et</span> <span class='ocrx_word' id='word_1_10' title='bbox 719 429 882 508; x_wconf 89' lang='lat' dir='ltr'>loquendi;</span> <span class='ocrx_word' id='word_1_11' title='bbox 903 432 957 492; x_wconf 89' lang='lat' dir='ltr'>sed</span> <span class='ocrx_word' id='word_1_12' title='bbox 971 433 1049 491; x_wconf 90' lang='lat' dir='ltr'>hanc</span> <span class='ocrx_word' id='word_1_13' title='bbox 1059 427 1130 492; x_wconf 87' lang='lat' dir='ltr'>dico</span> 
     </span>
     <span class='ocr_line' id='line_1_3' title="bbox 122 526 1130 605; baseline 0.001 -18"><span class='ocrx_word' id='word_1_14' title='bbox 122 526 307 600; x_wconf 87' lang='lat' dir='ltr'>suavitatem,</span> <span class='ocrx_word' id='word_1_15' title='bbox 320 547 398 605; x_wconf 91' lang='lat' dir='ltr'>quae</span> <span class='ocrx_word' id='word_1_16' title='bbox 412 527 471 588; x_wconf 86' lang='lat' dir='ltr'>exit</span> <span class='ocrx_word' id='word_1_17' title='bbox 485 546 523 587; x_wconf 88' lang='lat' dir='ltr'>ex</span> <span class='ocrx_word' id='word_1_18' title='bbox 535 546 605 602; x_wconf 86' lang='lat' dir='ltr'>ore3</span> <span class='ocrx_word' id='word_1_19' title='bbox 625 547 704 605; x_wconf 91' lang='lat' dir='ltr'>quae</span> <span class='ocrx_word' id='word_1_20' title='bbox 717 526 842 605; x_wconf 91' lang='lat' dir='ltr'>quidem</span> <span class='ocrx_word' id='word_1_21' title='bbox 856 537 889 587; x_wconf 92' lang='lat' dir='ltr'>ut</span> <span class='ocrx_word' id='word_1_22' title='bbox 902 528 984 605; x_wconf 91' lang='lat' dir='ltr'>apud</span> <span class='ocrx_word' id='word_1_23' title='bbox 999 528 1130 589; x_wconf 85' lang='lat' dir='ltr'>Graecos</span> 
     </span>
     <span class='ocr_line' id='line_1_4' title="bbox 122 623 1130 699; baseline 0.003 -15"><span class='ocrx_word' id='word_1_24' title='bbox 122 624 301 699; x_wconf 90' lang='lat' dir='ltr'>Atticorum,</span> <span class='ocrx_word' id='word_1_25' title='bbox 320 623 363 685; x_wconf 91' lang='lat' dir='ltr'>sic</span> <span class='ocrx_word' id='word_1_26' title='bbox 383 624 415 684; x_wconf 91' lang='lat' dir='ltr'>in</span> <span class='ocrx_word' id='word_1_27' title='bbox 434 623 544 685; x_wconf 88' lang='lat' dir='ltr'>Latino</span> <span class='ocrx_word' id='word_1_28' title='bbox 564 644 703 686; x_wconf 86' lang='lat' dir='ltr'>sermone</span> <span class='ocrx_word' id='word_1_29' title='bbox 724 623 813 684; x_wconf 92' lang='lat' dir='ltr'>huius</span> <span class='ocrx_word' id='word_1_30' title='bbox 833 634 879 685; x_wconf 92' lang='lat' dir='ltr'>est</span> <span class='ocrx_word' id='word_1_31' title='bbox 899 624 981 685; x_wconf 90' lang='lat' dir='ltr'>urbis</span> <span class='ocrx_word' id='word_1_32' title='bbox 1002 624 1130 687; x_wconf 82' lang='lat' dir='ltr'>maxime</span> 
     </span>
     <span class='ocr_line' id='line_1_5' title="bbox 123 720 1176 801; baseline -0.001 -19"><span class='ocrx_word' id='word_1_33' title='bbox 123 721 249 801; x_wconf 88' lang='lat' dir='ltr'>propria</span> <span class='ocrx_word' id='word_1_34' title='bbox 291 721 420 782; x_wconf 89' lang='lat' dir='ltr'>Athenis</span> <span class='ocrx_word' id='word_1_35' title='bbox 440 720 501 782; x_wconf 89' lang='lat' dir='ltr'>iam</span> <span class='ocrx_word' id='word_1_36' title='bbox 522 720 575 782; x_wconf 91' lang='lat' dir='ltr'>diu</span> <span class='ocrx_word' id='word_1_37' title='bbox 595 721 732 782; x_wconf 90' lang='lat' dir='ltr'>doctrina</span> <span class='ocrx_word' id='word_1_38' title='bbox 752 720 884 800; x_wconf 92' lang='lat' dir='ltr'>ipsorum</span> <span class='ocrx_word' id='word_1_39' title='bbox 898 721 1129 784; x_wconf 89' lang='lat' dir='ltr'>Atheniensium</span> <span class='ocrx_word' id='word_1_40' title='bbox 1142 731 1176 781; x_wconf 81' lang='grc'>43</span> 
     </span>
     <span class='ocr_line' id='line_1_6' title="bbox 94 818 1128 892; baseline 0.002 -13"><span class='ocrx_word' id='word_1_41' title='bbox 94 837 108 885; x_wconf 86' lang='lat'><strong>5</strong></span> <span class='ocrx_word' id='word_1_42' title='bbox 123 818 241 892; x_wconf 88' lang='lat' dir='ltr'>interiit,</span> <span class='ocrx_word' id='word_1_43' title='bbox 257 819 444 880; x_wconf 90' lang='lat' dir='ltr'>domicilium</span> <span class='ocrx_word' id='word_1_44' title='bbox 459 821 576 879; x_wconf 84' lang='lat' dir='ltr'>tantum</span> <span class='ocrx_word' id='word_1_45' title='bbox 595 819 626 878; x_wconf 94' lang='lat' dir='ltr'>in</span> <span class='ocrx_word' id='word_1_46' title='bbox 644 819 694 879; x_wconf 94' lang='lat' dir='ltr'>illa</span> <span class='ocrx_word' id='word_1_47' title='bbox 712 820 786 880; x_wconf 93' lang='lat' dir='ltr'>urbe</span> <span class='ocrx_word' id='word_1_48' title='bbox 805 830 939 880; x_wconf 85' lang='lat' dir='ltr'>remanet</span> <span class='ocrx_word' id='word_1_49' title='bbox 953 820 1128 892; x_wconf 91' lang='lat' dir='ltr'>studiorum,</span> 
     </span>
     <span class='ocr_line' id='line_1_7' title="bbox 123 915 1131 996; baseline -0.001 -18"><span class='ocrx_word' id='word_1_50' title='bbox 123 917 233 996; x_wconf 92' lang='lat' dir='ltr'>quibus</span> <span class='ocrx_word' id='word_1_51' title='bbox 247 928 355 977; x_wconf 87' lang='lat' dir='ltr'>vacant</span> <span class='ocrx_word' id='word_1_52' title='bbox 369 916 457 990; x_wconf 91' lang='lat' dir='ltr'>cives,</span> <span class='ocrx_word' id='word_1_53' title='bbox 473 915 619 995; x_wconf 84' lang='lat' dir='ltr'>peregrini</span> <span class='ocrx_word' id='word_1_54' title='bbox 637 918 774 977; x_wconf 82' lang='lat' dir='ltr'>fruuntur</span> <span class='ocrx_word' id='word_1_55' title='bbox 792 915 871 994; x_wconf 91' lang='lat' dir='ltr'>capti</span> <span class='ocrx_word' id='word_1_56' title='bbox 886 917 1019 994; x_wconf 90' lang='lat' dir='ltr'>quodam</span> <span class='ocrx_word' id='word_1_57' title='bbox 1038 918 1131 978; x_wconf 93' lang='lat' dir='ltr'>modo</span> 
     </span>
     <span class='ocr_line' id='line_1_8' title="bbox 123 1013 1131 1089; baseline 0 -15"><span class='ocrx_word' id='word_1_58' title='bbox 123 1014 247 1076; x_wconf 91' lang='lat' dir='ltr'>nomine</span> <span class='ocrx_word' id='word_1_59' title='bbox 264 1013 346 1075; x_wconf 92' lang='lat' dir='ltr'>urbis</span> <span class='ocrx_word' id='word_1_60' title='bbox 365 1025 396 1075; x_wconf 93' lang='lat' dir='ltr'>et</span> <span class='ocrx_word' id='word_1_61' title='bbox 415 1013 612 1089; x_wconf 90' lang='lat' dir='ltr'>auctoritate;</span> <span class='ocrx_word' id='word_1_62' title='bbox 640 1025 742 1075; x_wconf 91' lang='lat' dir='ltr'>tamen</span> <span class='ocrx_word' id='word_1_63' title='bbox 763 1013 979 1076; x_wconf 89' lang='lat' dir='ltr'>eruditissimos</span> <span class='ocrx_word' id='word_1_64' title='bbox 993 1014 1131 1075; x_wconf 93' lang='lat' dir='ltr'>homines</span> 
     </span>
     <span class='ocr_line' id='line_1_9' title="bbox 124 1111 1132 1191; baseline -0.001 -18"><span class='ocrx_word' id='word_1_65' title='bbox 124 1112 272 1173; x_wconf 92' lang='lat' dir='ltr'>Asiaticos</span> <span class='ocrx_word' id='word_1_66' title='bbox 294 1111 391 1191; x_wconf 85' lang='lat' dir='ltr'>quivis</span> <span class='ocrx_word' id='word_1_67' title='bbox 404 1111 598 1174; x_wconf 88' lang='lat' dir='ltr'>Atheniensis</span> <span class='ocrx_word' id='word_1_68' title='bbox 618 1111 759 1173; x_wconf 92' lang='lat' dir='ltr'>indoctus</span> <span class='ocrx_word' id='word_1_69' title='bbox 779 1132 842 1173; x_wconf 94' lang='lat' dir='ltr'>non</span> <span class='ocrx_word' id='word_1_70' title='bbox 855 1112 961 1186; x_wconf 88' lang='lat' dir='ltr'>verbis,</span> <span class='ocrx_word' id='word_1_71' title='bbox 980 1114 1035 1174; x_wconf 87' lang='lat' dir='ltr'>sed</span> <span class='ocrx_word' id='word_1_72' title='bbox 1055 1132 1132 1173; x_wconf 91' lang='lat' dir='ltr'>sono</span> 
     </span>
     <span class='ocr_line' id='line_1_10' title="bbox 125 1209 1132 1289; baseline 0.003 -20"><span class='ocrx_word' id='word_1_73' title='bbox 125 1209 208 1270; x_wconf 89' lang='lat' dir='ltr'>vocis</span> <span class='ocrx_word' id='word_1_74' title='bbox 228 1229 286 1270; x_wconf 91' lang='lat' dir='ltr'>nec</span> <span class='ocrx_word' id='word_1_75' title='bbox 306 1221 368 1270; x_wconf 88' lang='lat' dir='ltr'>tarn</span> <span class='ocrx_word' id='word_1_76' title='bbox 385 1211 464 1271; x_wconf 93' lang='lat' dir='ltr'>bene</span> <span class='ocrx_word' id='word_1_77' title='bbox 484 1230 576 1288; x_wconf 91' lang='lat' dir='ltr'>quam</span> <span class='ocrx_word' id='word_1_78' title='bbox 595 1209 724 1270; x_wconf 86' lang='lat' dir='ltr'>suaviter</span> <span class='ocrx_word' id='word_1_79' title='bbox 742 1211 896 1287; x_wconf 91' lang='lat' dir='ltr'>loquendo</span> <span class='ocrx_word' id='word_1_80' title='bbox 914 1209 1001 1272; x_wconf 83' lang='lat' dir='ltr'>facile</span> <span class='ocrx_word' id='word_1_81' title='bbox 1015 1231 1132 1289; x_wconf 90' lang='lat' dir='ltr'>supera·</span> 
     </span>
     <span class='ocr_line' id='line_1_11' title="bbox 82 1306 1132 1384; baseline -0.001 -16"><span class='ocrx_word' id='word_1_82' title='bbox 82 1327 112 1363; x_wconf 87' lang='lat'>10</span> <span class='ocrx_word' id='word_1_83' title='bbox 125 1307 178 1368; x_wconf 85' lang='lat' dir='ltr'>bit</span> <span class='ocrx_word' id='word_1_84' title='bbox 222 1307 325 1369; x_wconf 90' lang='lat' dir='ltr'>Nostri</span> <span class='ocrx_word' id='word_1_85' title='bbox 344 1307 444 1368; x_wconf 93' lang='lat' dir='ltr'>minus</span> <span class='ocrx_word' id='word_1_86' title='bbox 464 1310 587 1368; x_wconf 90' lang='lat' dir='ltr'>student</span> <span class='ocrx_word' id='word_1_87' title='bbox 603 1306 707 1368; x_wconf 89' lang='lat' dir='ltr'>litteris</span> <span class='ocrx_word' id='word_1_88' title='bbox 726 1326 817 1384; x_wconf 88' lang='lat' dir='ltr'>quam</span> <span class='ocrx_word' id='word_1_89' title='bbox 832 1307 952 1383; x_wconf 89' lang='lat' dir='ltr'>Latini;</span> <span class='ocrx_word' id='word_1_90' title='bbox 979 1319 1081 1369; x_wconf 90' lang='lat' dir='ltr'>tamen</span> <span class='ocrx_word' id='word_1_91' title='bbox 1096 1329 1132 1368; x_wconf 85' lang='lat' dir='ltr'>ex</span> 
     </span>
     <span class='ocr_line' id='line_1_12' title="bbox 125 1404 1129 1485; baseline 0 -20"><span class='ocrx_word' id='word_1_92' title='bbox 125 1405 196 1480; x_wconf 92' lang='lat' dir='ltr'>istis,</span> <span class='ocrx_word' id='word_1_93' title='bbox 208 1426 284 1485; x_wconf 89' lang='lat' dir='ltr'>quos</span> <span class='ocrx_word' id='word_1_94' title='bbox 297 1404 401 1479; x_wconf 93' lang='lat' dir='ltr'>nostis,</span> <span class='ocrx_word' id='word_1_95' title='bbox 413 1404 543 1480; x_wconf 90' lang='lat' dir='ltr'>urbanis,</span> <span class='ocrx_word' id='word_1_96' title='bbox 556 1405 588 1465; x_wconf 93' lang='lat' dir='ltr'>in</span> <span class='ocrx_word' id='word_1_97' title='bbox 602 1405 712 1484; x_wconf 89' lang='lat' dir='ltr'>quibus</span> <span class='ocrx_word' id='word_1_98' title='bbox 727 1405 885 1465; x_wconf 92' lang='lat' dir='ltr'>minimum</span> <span class='ocrx_word' id='word_1_99' title='bbox 900 1417 946 1466; x_wconf 90' lang='lat' dir='ltr'>est</span> <span class='ocrx_word' id='word_1_100' title='bbox 959 1406 1129 1478; x_wconf 87' lang='lat' dir='ltr'>litterarum,</span> 
     </span>
     <span class='ocr_line' id='line_1_13' title="bbox 125 1501 1133 1581; baseline 0 -17"><span class='ocrx_word' id='word_1_101' title='bbox 125 1523 216 1564; x_wconf 92' lang='lat' dir='ltr'>nemo</span> <span class='ocrx_word' id='word_1_102' title='bbox 230 1514 276 1564; x_wconf 93' lang='lat' dir='ltr'>est</span> <span class='ocrx_word' id='word_1_103' title='bbox 290 1503 364 1581; x_wconf 93' lang='lat' dir='ltr'>quin</span> <span class='ocrx_word' id='word_1_104' title='bbox 380 1501 625 1564; x_wconf 86' lang='lat' dir='ltr'>litteratissimum</span> <span class='ocrx_word' id='word_1_105' title='bbox 645 1514 813 1581; x_wconf 85' lang='lat' dir='ltr'>togatorum</span> <span class='ocrx_word' id='word_1_106' title='bbox 830 1503 975 1578; x_wconf 92' lang='lat' dir='ltr'>omnium,</span> <span class='ocrx_word' id='word_1_107' title='bbox 992 1506 1030 1581; x_wconf 86' lang='lat' dir='ltr'>Q.</span> <span class='ocrx_word' id='word_1_108' title='bbox 1046 1505 1133 1564; x_wconf 90' lang='lat' dir='ltr'>Vale·</span> 
     </span>
     <span class='ocr_line' id='line_1_14' title="bbox 124 1600 1131 1680; baseline 0.002 -21"><span class='ocrx_word' id='word_1_109' title='bbox 124 1600 201 1661; x_wconf 91' lang='lat' dir='ltr'>rium</span> <span class='ocrx_word' id='word_1_110' title='bbox 216 1603 372 1675; x_wconf 87' lang='lat' dir='ltr'>Soranum,</span> <span class='ocrx_word' id='word_1_111' title='bbox 388 1600 510 1661; x_wconf 85' lang='lat' dir='ltr'>lenitate</span> <span class='ocrx_word' id='word_1_112' title='bbox 522 1600 605 1661; x_wconf 90' lang='lat' dir='ltr'>vocis</span> <span class='ocrx_word' id='word_1_113' title='bbox 625 1611 716 1678; x_wconf 90' lang='lat' dir='ltr'>atque</span> <span class='ocrx_word' id='word_1_114' title='bbox 735 1600 802 1678; x_wconf 94' lang='lat' dir='ltr'>ipso</span> <span class='ocrx_word' id='word_1_115' title='bbox 820 1600 879 1661; x_wconf 92' lang='lat' dir='ltr'>oris</span> <span class='ocrx_word' id='word_1_116' title='bbox 894 1620 996 1680; x_wconf 93' lang='lat' dir='ltr'>pressu</span> <span class='ocrx_word' id='word_1_117' title='bbox 1011 1611 1041 1661; x_wconf 94' lang='lat' dir='ltr'>et</span> <span class='ocrx_word' id='word_1_118' title='bbox 1055 1620 1131 1662; x_wconf 92' lang='lat' dir='ltr'>sono</span> 
     </span>
     <span class='ocr_line' id='line_1_15' title="bbox 124 1695 1131 1775; baseline 0 -18"><span class='ocrx_word' id='word_1_119' title='bbox 124 1697 212 1758; x_wconf 83' lang='lat' dir='ltr'>facile</span> <span class='ocrx_word' id='word_1_120' title='bbox 224 1697 333 1758; x_wconf 87' lang='lat' dir='ltr'>vincat.</span> <span class='ocrx_word' id='word_1_121' title='bbox 377 1700 447 1774; x_wconf 92' lang='lat' dir='ltr'>Qua</span> <span class='ocrx_word' id='word_1_122' title='bbox 466 1717 499 1758; x_wconf 90' lang='lat' dir='ltr'>re</span> <span class='ocrx_word' id='word_1_123' title='bbox 518 1717 589 1758; x_wconf 91' lang='lat' dir='ltr'>cum</span> <span class='ocrx_word' id='word_1_124' title='bbox 610 1695 649 1758; x_wconf 92' lang='lat' dir='ltr'>sit</span> <span class='ocrx_word' id='word_1_125' title='bbox 667 1699 816 1775; x_wconf 86' lang='lat' dir='ltr'>quaedam</span> <span class='ocrx_word' id='word_1_126' title='bbox 834 1708 914 1758; x_wconf 89' lang='lat' dir='ltr'>certa</span> <span class='ocrx_word' id='word_1_127' title='bbox 927 1718 985 1758; x_wconf 85' lang='lat' dir='ltr'>vox</span> <span class='ocrx_word' id='word_1_128' title='bbox 1000 1697 1131 1757; x_wconf 90' lang='lat' dir='ltr'>Romani</span> 
     </span>
     <span class='ocr_line' id='line_1_16' title="bbox 82 1792 1132 1874; baseline 0.001 -20"><span class='ocrx_word' id='word_1_129' title='bbox 82 1820 110 1870; x_wconf 83' lang='lat'>15</span> <span class='ocrx_word' id='word_1_130' title='bbox 124 1794 241 1874; x_wconf 84' lang='lat' dir='ltr'>generis</span> <span class='ocrx_word' id='word_1_131' title='bbox 267 1795 411 1874; x_wconf 90' lang='lat' dir='ltr'>urbisque</span> <span class='ocrx_word' id='word_1_132' title='bbox 437 1794 564 1873; x_wconf 89' lang='lat' dir='ltr'>propria,</span> <span class='ocrx_word' id='word_1_133' title='bbox 588 1792 703 1873; x_wconf 90' lang='lat' dir='ltr'>inqua</span> <span class='ocrx_word' id='word_1_134' title='bbox 727 1795 801 1854; x_wconf 92' lang='lat' dir='ltr'>nihil</span> <span class='ocrx_word' id='word_1_135' title='bbox 828 1794 950 1869; x_wconf 85' lang='lat' dir='ltr'>offendi,</span> <span class='ocrx_word' id='word_1_136' title='bbox 976 1794 1050 1855; x_wconf 91' lang='lat' dir='ltr'>nihil</span> <span class='ocrx_word' id='word_1_137' title='bbox 1074 1795 1132 1855; x_wconf 92' lang='lat' dir='ltr'>dis-</span> 
     </span>
     <span class='ocr_line' id='line_1_17' title="bbox 125 1891 1132 1972; baseline 0.002 -20"><span class='ocrx_word' id='word_1_138' title='bbox 125 1893 242 1971; x_wconf 88' lang='lat' dir='ltr'>plicere,</span> <span class='ocrx_word' id='word_1_139' title='bbox 257 1892 334 1953; x_wconf 89' lang='lat' dir='ltr'>nihil</span> <span class='ocrx_word' id='word_1_140' title='bbox 346 1892 543 1954; x_wconf 87' lang='lat' dir='ltr'>animadverti</span> <span class='ocrx_word' id='word_1_141' title='bbox 561 1891 664 1972; x_wconf 90' lang='lat' dir='ltr'>possit,</span> <span class='ocrx_word' id='word_1_142' title='bbox 678 1892 754 1953; x_wconf 91' lang='lat' dir='ltr'>nihil</span> <span class='ocrx_word' id='word_1_143' title='bbox 772 1911 879 1954; x_wconf 91' lang='lat' dir='ltr'>sonare</span> <span class='ocrx_word' id='word_1_144' title='bbox 892 1904 944 1953; x_wconf 91' lang='lat' dir='ltr'>aut</span> <span class='ocrx_word' id='word_1_145' title='bbox 958 1895 1037 1954; x_wconf 92' lang='lat' dir='ltr'>olere</span> <span class='ocrx_word' id='word_1_146' title='bbox 1051 1912 1132 1970; x_wconf 89' lang='lat' dir='ltr'>pere-</span> 
     </span>
     <span class='ocr_line' id='line_1_18' title="bbox 125 1989 1130 2069; baseline 0.001 -20"><span class='ocrx_word' id='word_1_147' title='bbox 125 1990 251 2068; x_wconf 83' lang='lat' dir='ltr'>grinum,</span> <span class='ocrx_word' id='word_1_148' title='bbox 267 1991 346 2050; x_wconf 91' lang='lat' dir='ltr'>hanc</span> <span class='ocrx_word' id='word_1_149' title='bbox 362 2009 523 2066; x_wconf 88' lang='lat' dir='ltr'>sequamur</span> <span class='ocrx_word' id='word_1_150' title='bbox 538 2009 638 2067; x_wconf 92' lang='lat' dir='ltr'>neque</span> <span class='ocrx_word' id='word_1_151' title='bbox 656 1992 754 2050; x_wconf 92' lang='lat' dir='ltr'>solum</span> <span class='ocrx_word' id='word_1_152' title='bbox 773 1990 914 2050; x_wconf 86' lang='lat' dir='ltr'>rusticam</span> <span class='ocrx_word' id='word_1_153' title='bbox 932 1989 1130 2069; x_wconf 85' lang='lat' dir='ltr'>asperitatem,</span> 
     </span>
     <span class='ocr_line' id='line_1_19' title="bbox 126 2085 1176 2166; baseline 0.001 -18"><span class='ocrx_word' id='word_1_154' title='bbox 126 2089 180 2148; x_wconf 94' lang='lat' dir='ltr'>sed</span> <span class='ocrx_word' id='word_1_155' title='bbox 195 2087 285 2147; x_wconf 88' lang='lat' dir='ltr'>etiam</span> <span class='ocrx_word' id='word_1_156' title='bbox 299 2085 484 2166; x_wconf 85' lang='lat' dir='ltr'>peregrinam</span> <span class='ocrx_word' id='word_1_157' title='bbox 505 2085 696 2147; x_wconf 85' lang='lat' dir='ltr'>insolentiam</span> <span class='ocrx_word' id='word_1_158' title='bbox 716 2089 818 2165; x_wconf 81' lang='lat' dir='ltr'>sugere</span> <span class='ocrx_word' id='word_1_159' title='bbox 839 2087 998 2148; x_wconf 89' lang='lat' dir='ltr'>discamus.</span> <span class='ocrx_word' id='word_1_160' title='bbox 1042 2088 1133 2166; x_wconf 88' lang='lat' dir='ltr'>Equi·</span> <span class='ocrx_word' id='word_1_161' title='bbox 1145 2098 1176 2149; x_wconf 81' lang='lat'>45</span> 
     </span>
     <span class='ocr_line' id='line_1_20' title="bbox 126 2182 1131 2246; baseline -0.002 0"><span class='ocrx_word' id='word_1_162' title='bbox 126 2188 197 2246; x_wconf 90' lang='lat' dir='ltr'>dem</span> <span class='ocrx_word' id='word_1_163' title='bbox 225 2205 295 2246; x_wconf 90' lang='lat' dir='ltr'>cum</span> <span class='ocrx_word' id='word_1_164' title='bbox 325 2184 417 2244; x_wconf 89' lang='lat' dir='ltr'>audio</span> <span class='ocrx_word' id='word_1_165' title='bbox 440 2182 568 2245; x_wconf 56' lang='lat' dir='ltr'>&#39;socrum</span> <span class='ocrx_word' id='word_1_166' title='bbox 601 2204 700 2244; x_wconf 90' lang='lat' dir='ltr'>meam</span> <span class='ocrx_word' id='word_1_167' title='bbox 729 2184 1018 2246; x_wconf 83' lang='lat' dir='ltr'>Laeliam-sacilius</span> <span class='ocrx_word' id='word_1_168' title='bbox 1050 2183 1131 2246; x_wconf 91' lang='lat' dir='ltr'>enim</span> 
     </span>
     <span class='ocr_line' id='line_1_21' title="bbox 81 2280 1134 2361; baseline 0.001 -20"><span class='ocrx_word' id='word_1_169' title='bbox 81 2306 113 2342; x_wconf 78' lang='lat' dir='ltr'>ao</span> <span class='ocrx_word' id='word_1_170' title='bbox 127 2282 265 2344; x_wconf 90' lang='lat' dir='ltr'>mulieres</span> <span class='ocrx_word' id='word_1_171' title='bbox 286 2282 488 2360; x_wconf 88' lang='lat' dir='ltr'>incorruptam</span> <span class='ocrx_word' id='word_1_172' title='bbox 508 2280 718 2359; x_wconf 86' lang='lat' dir='ltr'>antiquitatem</span> <span class='ocrx_word' id='word_1_173' title='bbox 739 2293 924 2355; x_wconf 89' lang='lat' dir='ltr'>conservant,</span> <span class='ocrx_word' id='word_1_174' title='bbox 948 2284 1032 2361; x_wconf 91' lang='lat' dir='ltr'>quod</span> <span class='ocrx_word' id='word_1_175' title='bbox 1060 2284 1134 2343; x_wconf 91' lang='lat' dir='ltr'>mul·</span> 
     </span>
     <span class='ocr_line' id='line_1_22' title="bbox 125 2378 1134 2458; baseline -0.002 -18"><span class='ocrx_word' id='word_1_176' title='bbox 125 2391 224 2440; x_wconf 91' lang='lat' dir='ltr'>torum</span> <span class='ocrx_word' id='word_1_177' title='bbox 253 2378 398 2440; x_wconf 88' lang='lat' dir='ltr'>sermonis</span> <span class='ocrx_word' id='word_1_178' title='bbox 425 2390 559 2456; x_wconf 86' lang='lat' dir='ltr'>expertes</span> <span class='ocrx_word' id='word_1_179' title='bbox 587 2398 624 2439; x_wconf 90' lang='lat' dir='ltr'>ea</span> <span class='ocrx_word' id='word_1_180' title='bbox 650 2389 755 2439; x_wconf 90' lang='lat' dir='ltr'>tenent</span> <span class='ocrx_word' id='word_1_181' title='bbox 782 2398 907 2456; x_wconf 88' lang='lat' dir='ltr'>semper,</span> <span class='ocrx_word' id='word_1_182' title='bbox 933 2399 1011 2457; x_wconf 92' lang='lat' dir='ltr'>quae</span> <span class='ocrx_word' id='word_1_183' title='bbox 1038 2379 1134 2458; x_wconf 89' lang='lat' dir='ltr'>prima</span> 
     </span>
     <span class='ocr_line' id='line_1_23' title="bbox 125 2474 1135 2549; baseline -0.003 -10"><span class='ocrx_word' id='word_1_184' title='bbox 125 2476 390 2539; x_wconf 90' lang='lat' dir='ltr'>didicerunt—sed</span> <span class='ocrx_word' id='word_1_185' title='bbox 411 2496 477 2536; x_wconf 91' lang='lat' dir='ltr'>eam</span> <span class='ocrx_word' id='word_1_186' title='bbox 499 2475 542 2536; x_wconf 94' lang='lat' dir='ltr'>sic</span> <span class='ocrx_word' id='word_1_187' title='bbox 562 2474 662 2549; x_wconf 91' lang='lat' dir='ltr'>audio,</span> <span class='ocrx_word' id='word_1_188' title='bbox 679 2486 712 2535; x_wconf 91' lang='lat' dir='ltr'>ut</span> <span class='ocrx_word' id='word_1_189' title='bbox 731 2478 870 2536; x_wconf 90' lang='lat' dir='ltr'>Plautum</span> <span class='ocrx_word' id='word_1_190' title='bbox 892 2475 965 2536; x_wconf 93' lang='lat' dir='ltr'>mihi</span> <span class='ocrx_word' id='word_1_191' title='bbox 985 2486 1038 2536; x_wconf 88' lang='lat' dir='ltr'>aut</span> <span class='ocrx_word' id='word_1_192' title='bbox 1057 2477 1135 2536; x_wconf 90' lang='lat' dir='ltr'>Nae·</span> 
     </span>
     <span class='ocr_line' id='line_1_24' title="bbox 124 2571 1132 2650; baseline -0.002 -15"><span class='ocrx_word' id='word_1_193' title='bbox 124 2574 207 2635; x_wconf 89' lang='lat' dir='ltr'>vium</span> <span class='ocrx_word' id='word_1_194' title='bbox 222 2573 324 2635; x_wconf 89' lang='lat' dir='ltr'>videar</span> <span class='ocrx_word' id='word_1_195' title='bbox 336 2572 448 2646; x_wconf 91' lang='lat' dir='ltr'>audire,</span> <span class='ocrx_word' id='word_1_196' title='bbox 463 2591 540 2633; x_wconf 92' lang='lat' dir='ltr'>sono</span> <span class='ocrx_word' id='word_1_197' title='bbox 556 2572 623 2650; x_wconf 92' lang='lat' dir='ltr'>ipso</span> <span class='ocrx_word' id='word_1_198' title='bbox 636 2572 719 2633; x_wconf 92' lang='lat' dir='ltr'>vocis</span> <span class='ocrx_word' id='word_1_199' title='bbox 737 2572 779 2633; x_wconf 90' lang='lat' dir='ltr'>ita</span> <span class='ocrx_word' id='word_1_200' title='bbox 796 2585 879 2634; x_wconf 89' lang='lat' dir='ltr'>recto</span> <span class='ocrx_word' id='word_1_201' title='bbox 893 2584 923 2634; x_wconf 91' lang='lat' dir='ltr'>et</span> <span class='ocrx_word' id='word_1_202' title='bbox 937 2571 1064 2650; x_wconf 91' lang='lat' dir='ltr'>simplici</span> <span class='ocrx_word' id='word_1_203' title='bbox 1078 2583 1132 2646; x_wconf 91' lang='lat' dir='ltr'>est,</span> 
     </span>
     <span class='ocr_line' id='line_1_25' title="bbox 125 2670 1133 2746; baseline -0.002 -14"><span class='ocrx_word' id='word_1_204' title='bbox 125 2682 159 2732; x_wconf 93' lang='lat' dir='ltr'>ut</span> <span class='ocrx_word' id='word_1_205' title='bbox 180 2671 254 2732; x_wconf 92' lang='lat' dir='ltr'>nihil</span> <span class='ocrx_word' id='word_1_206' title='bbox 275 2670 483 2732; x_wconf 89' lang='lat' dir='ltr'>ostentationis</span> <span class='ocrx_word' id='word_1_207' title='bbox 503 2681 556 2731; x_wconf 91' lang='lat' dir='ltr'>aut</span> <span class='ocrx_word' id='word_1_208' title='bbox 576 2670 750 2733; x_wconf 88' lang='lat' dir='ltr'>imitationis</span> <span class='ocrx_word' id='word_1_209' title='bbox 777 2672 892 2733; x_wconf 86' lang='lat' dir='ltr'>adferre</span> <span class='ocrx_word' id='word_1_210' title='bbox 912 2670 1065 2746; x_wconf 69' lang='lat' dir='ltr'>videatur,</span> <span class='ocrx_word' id='word_1_211' title='bbox 1096 2690 1133 2732; x_wconf 84' lang='lat' dir='ltr'>ex</span> 
     </span>
     <span class='ocr_line' id='line_1_26' title="bbox 81 2767 1132 2848; baseline 0 -20"><span class='ocrx_word' id='word_1_212' title='bbox 81 2791 111 2843; x_wconf 82' lang='lat'>²5</span> <span class='ocrx_word' id='word_1_213' title='bbox 125 2789 188 2848; x_wconf 91' lang='lat' dir='ltr'>quo</span> <span class='ocrx_word' id='word_1_214' title='bbox 202 2768 244 2830; x_wconf 92' lang='lat' dir='ltr'>sic</span> <span class='ocrx_word' id='word_1_215' title='bbox 258 2771 393 2830; x_wconf 92' lang='lat' dir='ltr'>locutum</span> <span class='ocrx_word' id='word_1_216' title='bbox 412 2789 478 2830; x_wconf 91' lang='lat' dir='ltr'>esse</span> <span class='ocrx_word' id='word_1_217' title='bbox 498 2768 562 2829; x_wconf 90' lang='lat' dir='ltr'>eius</span> <span class='ocrx_word' id='word_1_218' title='bbox 582 2780 697 2846; x_wconf 91' lang='lat' dir='ltr'>patrem</span> <span class='ocrx_word' id='word_1_219' title='bbox 711 2767 824 2845; x_wconf 90' lang='lat' dir='ltr'>iudico,</span> <span class='ocrx_word' id='word_1_220' title='bbox 837 2769 881 2829; x_wconf 92' lang='lat' dir='ltr'>sic</span> <span class='ocrx_word' id='word_1_221' title='bbox 894 2767 1042 2844; x_wconf 85' lang='lat' dir='ltr'>maiores;</span> <span class='ocrx_word' id='word_1_222' title='bbox 1068 2787 1132 2830; x_wconf 91' lang='lat' dir='ltr'>non</span> 
     </span>
     <span class='ocr_line' id='line_1_27' title="bbox 124 2863 1130 2946; baseline -0.001 -19"><span class='ocrx_word' id='word_1_223' title='bbox 124 2887 229 2946; x_wconf 89' lang='lat' dir='ltr'>aspere</span> <span class='ocrx_word' id='word_1_224' title='bbox 243 2878 276 2929; x_wconf 92' lang='lat' dir='ltr'>ut</span> <span class='ocrx_word' id='word_1_225' title='bbox 290 2867 347 2940; x_wconf 88' lang='lat' dir='ltr'>ille,</span> <span class='ocrx_word' id='word_1_226' title='bbox 364 2886 455 2945; x_wconf 91' lang='lat' dir='ltr'>quem</span> <span class='ocrx_word' id='word_1_227' title='bbox 469 2867 538 2941; x_wconf 89' lang='lat' dir='ltr'>dixi,</span> <span class='ocrx_word' id='word_1_228' title='bbox 554 2887 618 2928; x_wconf 94' lang='lat' dir='ltr'>non</span> <span class='ocrx_word' id='word_1_229' title='bbox 630 2878 720 2940; x_wconf 86' lang='lat' dir='ltr'>vaste,</span> <span class='ocrx_word' id='word_1_230' title='bbox 737 2887 799 2928; x_wconf 93' lang='lat' dir='ltr'>non</span> <span class='ocrx_word' id='word_1_231' title='bbox 813 2866 930 2939; x_wconf 89' lang='lat' dir='ltr'>rustice,</span> <span class='ocrx_word' id='word_1_232' title='bbox 946 2884 1008 2926; x_wconf 94' lang='lat' dir='ltr'>non</span> <span class='ocrx_word' id='word_1_233' title='bbox 1021 2863 1130 2942; x_wconf 89' lang='lat' dir='ltr'>hiulce,</span> 
     </span>
     <span class='ocr_line' id='line_1_28' title="bbox 125 2963 1178 3044; baseline -0.004 -18"><span class='ocrx_word' id='word_1_234' title='bbox 125 2967 180 3026; x_wconf 93' lang='lat' dir='ltr'>sed</span> <span class='ocrx_word' id='word_1_235' title='bbox 198 2985 299 3044; x_wconf 90' lang='lat' dir='ltr'>presse</span> <span class='ocrx_word' id='word_1_236' title='bbox 319 2975 350 3027; x_wconf 89' lang='lat' dir='ltr'>et</span> <span class='ocrx_word' id='word_1_237' title='bbox 365 2964 561 3043; x_wconf 88' lang='lat' dir='ltr'>aequabiliter</span> <span class='ocrx_word' id='word_1_238' title='bbox 580 2976 611 3026; x_wconf 92' lang='lat' dir='ltr'>et</span> <span class='ocrx_word' id='word_1_239' title='bbox 631 2963 743 3027; x_wconf 90' lang='lat' dir='ltr'>leniter.</span> <span class='ocrx_word' id='word_1_240' title='bbox 787 2967 858 3042; x_wconf 89' lang='lat' dir='ltr'>Qua</span> <span class='ocrx_word' id='word_1_241' title='bbox 870 2985 902 3025; x_wconf 94' lang='lat' dir='ltr'>re</span> <span class='ocrx_word' id='word_1_242' title='bbox 916 2965 1008 3026; x_wconf 88' lang='lat' dir='ltr'>Cotta</span> <span class='ocrx_word' id='word_1_243' title='bbox 1019 2975 1129 3036; x_wconf 91' lang='lat' dir='ltr'>noster,</span> <span class='ocrx_word' id='word_1_244' title='bbox 1144 2969 1178 3037; x_wconf 82' lang='lat'>4⁶</span> 
     </span>
     <span class='ocr_line' id='line_1_29' title="bbox 125 3061 1133 3143; baseline -0.002 -19"><span class='ocrx_word' id='word_1_245' title='bbox 125 3063 211 3124; x_wconf 90' lang='lat' dir='ltr'>cuius</span> <span class='ocrx_word' id='word_1_246' title='bbox 231 3074 265 3124; x_wconf 92' lang='lat' dir='ltr'>tu</span> <span class='ocrx_word' id='word_1_247' title='bbox 285 3062 337 3124; x_wconf 90' lang='lat' dir='ltr'>illa</span> <span class='ocrx_word' id='word_1_248' title='bbox 356 3065 423 3136; x_wconf 86' lang='lat' dir='ltr'>lata,</span> <span class='ocrx_word' id='word_1_249' title='bbox 446 3062 569 3143; x_wconf 89' lang='lat' dir='ltr'>Sulpici,</span> <span class='ocrx_word' id='word_1_250' title='bbox 587 3083 650 3125; x_wconf 92' lang='lat' dir='ltr'>non</span> <span class='ocrx_word' id='word_1_251' title='bbox 670 3083 836 3140; x_wconf 89' lang='lat' dir='ltr'>numquam</span> <span class='ocrx_word' id='word_1_252' title='bbox 857 3061 989 3135; x_wconf 87' lang='lat' dir='ltr'>imitaris,</span> <span class='ocrx_word' id='word_1_253' title='bbox 1011 3072 1045 3123; x_wconf 91' lang='lat' dir='ltr'>ut</span> <span class='ocrx_word' id='word_1_254' title='bbox 1065 3064 1133 3122; x_wconf 91' lang='lat' dir='ltr'>Iota</span> 
     </span>
     <span class='ocr_line' id='line_1_30' title="bbox 125 3158 1171 3239; baseline 0.001 -19"><span class='ocrx_word' id='word_1_255' title='bbox 125 3161 254 3222; x_wconf 88' lang='lat' dir='ltr'>litteram</span> <span class='ocrx_word' id='word_1_256' title='bbox 276 3163 362 3222; x_wconf 87' lang='lat' dir='ltr'>tollas</span> <span class='ocrx_word' id='word_1_257' title='bbox 385 3172 415 3222; x_wconf 92' lang='lat' dir='ltr'>et</span> <span class='ocrx_word' id='word_1_258' title='bbox 435 3164 461 3223; x_wconf 89' lang='lat' dir='ltr'><strong>E</strong></span> <span class='ocrx_word' id='word_1_259' title='bbox 479 3161 686 3239; x_wconf 89' lang='lat' dir='ltr'>plenissimum</span> <span class='ocrx_word' id='word_1_260' title='bbox 710 3161 801 3234; x_wconf 91' lang='lat' dir='ltr'>dicas,</span> <span class='ocrx_word' id='word_1_261' title='bbox 820 3179 883 3221; x_wconf 93' lang='lat' dir='ltr'>non</span> <span class='ocrx_word' id='word_1_262' title='bbox 905 3158 980 3219; x_wconf 91' lang='lat' dir='ltr'>mihi</span> <span class='ocrx_word' id='word_1_263' title='bbox 1001 3169 1133 3221; x_wconf 90' lang='lat' dir='ltr'>oratores</span> <span class='ocrx_word' id='word_1_264' title='bbox 1167 3201 1171 3206; x_wconf 90' lang='lat'>-</span> 
     </span>
     <span class='ocr_line' id='line_1_31' title="bbox 81 3257 1133 3338; baseline -0.002 -18"><span class='ocrx_word' id='word_1_265' title='bbox 81 3275 113 3326; x_wconf 80' lang='lat'>30</span> <span class='ocrx_word' id='word_1_266' title='bbox 125 3258 273 3338; x_wconf 92' lang='lat' dir='ltr'>antiquos,</span> <span class='ocrx_word' id='word_1_267' title='bbox 290 3260 344 3321; x_wconf 91' lang='lat' dir='ltr'>sed</span> <span class='ocrx_word' id='word_1_268' title='bbox 359 3279 504 3320; x_wconf 89' lang='lat' dir='ltr'>messores</span> <span class='ocrx_word' id='word_1_269' title='bbox 518 3258 636 3320; x_wconf 85' lang='lat' dir='ltr'>ridetur</span> <span class='ocrx_word' id='word_1_270' title='bbox 653 3257 779 3319; x_wconf 86' lang='lat' dir='ltr'>imitari’</span> <span class='ocrx_word' id='word_1_271' title='bbox 821 3258 884 3318; x_wconf 89' lang='lat' dir='ltr'>Hic</span> <span class='ocrx_word' id='word_1_272' title='bbox 898 3277 968 3318; x_wconf 93' lang='lat' dir='ltr'>cum</span> <span class='ocrx_word' id='word_1_273' title='bbox 981 3257 1133 3318; x_wconf 90' lang='lat' dir='ltr'>adrisisset</span> 
     </span>
     <span class='ocr_line' id='line_1_32' title="bbox 126 3353 1132 3437; baseline -0.003 -20"><span class='ocrx_word' id='word_1_274' title='bbox 126 3357 191 3437; x_wconf 90' lang='lat' dir='ltr'>ipse</span> <span class='ocrx_word' id='word_1_275' title='bbox 218 3356 375 3436; x_wconf 91' lang='lat' dir='ltr'>Sulpicius,</span> <span class='ocrx_word' id='word_1_276' title='bbox 402 3356 463 3418; x_wconf 87' lang='lat' dir='ltr'>‘sic</span> <span class='ocrx_word' id='word_1_277' title='bbox 490 3376 577 3435; x_wconf 89' lang='lat' dir='ltr'>agam</span> <span class='ocrx_word' id='word_1_278' title='bbox 604 3356 779 3417; x_wconf 86' lang='lat' dir='ltr'>vobiscum&#39;</span> <span class='ocrx_word' id='word_1_279' title='bbox 804 3353 901 3433; x_wconf 89' lang='lat' dir='ltr'>inquit</span> <span class='ocrx_word' id='word_1_280' title='bbox 928 3357 1055 3417; x_wconf 89' lang='lat' dir='ltr'>Crassus</span> <span class='ocrx_word' id='word_1_281' title='bbox 1079 3359 1132 3414; x_wconf 84' lang='lat' dir='ltr'>‘ut</span> 
     </span>
     <span class='ocr_line' id='line_1_33' title="bbox 126 3449 1132 3534; baseline -0.004 -18"><span class='ocrx_word' id='word_1_282' title='bbox 126 3453 270 3533; x_wconf 91' lang='lat' dir='ltr'>quoniam</span> <span class='ocrx_word' id='word_1_283' title='bbox 284 3475 334 3516; x_wconf 89' lang='lat' dir='ltr'>me</span> <span class='ocrx_word' id='word_1_284' title='bbox 347 3453 431 3534; x_wconf 91' lang='lat' dir='ltr'>loqui</span> <span class='ocrx_word' id='word_1_285' title='bbox 445 3452 587 3527; x_wconf 85' lang='lat' dir='ltr'>voluistis,</span> <span class='ocrx_word' id='word_1_286' title='bbox 599 3453 713 3532; x_wconf 90' lang='lat' dir='ltr'>aliquid</span> <span class='ocrx_word' id='word_1_287' title='bbox 726 3455 766 3515; x_wconf 90' lang='lat' dir='ltr'>de</span> <span class='ocrx_word' id='word_1_288' title='bbox 779 3451 884 3513; x_wconf 88' lang='lat' dir='ltr'>vestris</span> <span class='ocrx_word' id='word_1_289' title='bbox 893 3451 972 3514; x_wconf 88' lang='lat' dir='ltr'>vitiis</span> <span class='ocrx_word' id='word_1_290' title='bbox 984 3449 1132 3514; x_wconf 75' lang='lat' dir='ltr'>audiatis.¹</span> 
     </span>
    </p>
   </div>
   <div class='ocr_carea' id='block_1_3' title="bbox 1144 1659 1177 1801">
    <p class='ocr_par' dir='ltr' id='par_1_3' title="bbox 1144 1659 1177 1801">
     <span class='ocr_line' id='line_1_34' title="bbox 1144 1659 1177 1704; baseline 0 0"><span class='ocrx_word' id='word_1_291' title='bbox 1144 1659 1177 1704; x_wconf 73' lang='lat'>12</span> 
     </span>
     <span class='ocr_line' id='line_1_35' title="bbox 1144 1753 1177 1801; baseline 0.03 -1"><span class='ocrx_word' id='word_1_292' title='bbox 1144 1753 1177 1801; x_wconf 84' lang='lat'>44</span> 
     </span>
    </p>
   </div>
   <div class='ocr_carea' id='block_1_4' title="bbox 127 3606 1132 3739">
    <p class='ocr_par' dir='ltr' id='par_1_4' title="bbox 127 3606 1132 3739">
     <span class='ocr_line' id='line_1_36' title="bbox 160 3606 1132 3673; baseline -0.005 -12"><span class='ocrx_word' id='word_1_293' title='bbox 160 3616 293 3673; x_wconf 75' lang='lat' dir='ltr'>stantum</span> <span class='ocrx_word' id='word_1_294' title='bbox 312 3609 398 3660; x_wconf 68' lang='lat' dir='ltr'>codd:</span> <span class='ocrx_word' id='word_1_295' title='bbox 426 3610 504 3659; x_wconf 86' lang='lat' dir='ltr'>etiam</span> <span class='ocrx_word' id='word_1_296' title='bbox 522 3624 591 3659; x_wconf 90' lang='lat' dir='ltr'>nunc</span> <span class='ocrx_word' id='word_1_297' title='bbox 609 3606 724 3671; x_wconf 81' lang='lat' dir='ltr'>Br&#39;nsseld</span> <span class='ocrx_word' id='word_1_298' title='bbox 819 3622 856 3670; x_wconf 70' lang='grc' dir='ltr'>ατ</span> <span class='ocrx_word' id='word_1_299' title='bbox 869 3606 1016 3657; x_wconf 87' lang='lat' dir='ltr'>leniterL:</span> <span class='ocrx_word' id='word_1_300' title='bbox 1040 3606 1132 3657; x_wconf 77' lang='lat' dir='ltr'>leviter</span> 
     </span>
     <span class='ocr_line' id='line_1_37' title="bbox 127 3672 874 3739; baseline -0.004 -12"><span class='ocrx_word' id='word_1_301' title='bbox 127 3675 196 3728; x_wconf 82' lang='lat' dir='ltr'>codd.</span> <span class='ocrx_word' id='word_1_302' title='bbox 207 3693 258 3726; x_wconf 84' lang='lat' dir='ltr'>non</span> <span class='ocrx_word' id='word_1_303' title='bbox 270 3676 337 3725; x_wconf 78' lang='lat' dir='ltr'>nulli</span> <span class='ocrx_word' id='word_1_304' title='bbox 432 3690 466 3737; x_wconf 80' lang='lat'>3⁰</span> <span class='ocrx_word' id='word_1_305' title='bbox 482 3675 584 3724; x_wconf 84' lang='lat' dir='ltr'>videtur</span> <span class='ocrx_word' id='word_1_306' title='bbox 594 3674 680 3739; x_wconf 81' lang='lat' dir='ltr'>vulg.:</span> <span class='ocrx_word' id='word_1_307' title='bbox 697 3673 794 3724; x_wconf 82' lang='lat' dir='ltr'>videris</span> <span class='ocrx_word' id='word_1_308' title='bbox 806 3672 874 3724; x_wconf 82' lang='lat' dir='ltr'>codd.</span> 
     </span>
    </p>
   </div>
   <div class='ocr_carea' id='block_1_5' title="bbox 0 0 1329 4216">
    <p class='ocr_par' dir='ltr' id='par_1_5' title="bbox 0 0 1329 4216">
     <span class='ocr_line' id='line_1_38' title="bbox 0 0 1329 4216; baseline 0 0"><span class='ocrx_word' id='word_1_309' title='bbox 0 0 1329 4216; x_wconf 95' lang='lat' dir='ltr'> </span> 
     </span>
    </p>
   </div>
  </div>
 </body>
</html>
