2648 4216
69 269 170 345 652⁶,
461 273 505 331 u.
527 270 656 330 svm
678 269 912 332 cicuxoxrs

184 447 293 514 torum,
308 437 441 498 turmalis
457 436 532 498 dixit
552 436 717 515 displicere
762 438 957 498 Invertuntur
971 448 1074 498 autern
1088 445 1189 510 verba,

183 545 225 609 ut,
242 536 366 596 Crassus
380 535 462 612 apud
477 536 521 595 M.
538 536 719 612 Perpernam
733 533 864 595 iudicem
878 554 934 612 pro
948 535 1106 594 Aculeone
1119 554 1191 594 cum

183 633 303 707 diceret,
335 635 437 694 aderat
472 643 577 694 contra
602 635 793 694 Aculeonem
822 631 999 693 Gratidiano
1027 634 1061 692 L.
1084 631 1191 692 Aelius

183 729 298 804 Lamia,
314 729 465 804 deformis,
488 741 522 790 ut
541 729 635 790 nostis
647 752 661 805 ;Δ
687 728 832 808 quicum
852 728 1053 807 interpellaret
1074 727 1190 802 odiose,

186 828 376 890 ‘audiamus'
404 826 501 906 inquit
531 830 735 906 ‘pulchellum
766 829 911 906 puerum’
939 829 1065 889 Crassus
1076 847 1085 901 ;
1120 845 1220 895 cum5

184 937 263 987 esset
276 927 408 1000 arrisum,
427 931 506 987 ‘non
527 926 612 1004 potui
627 926 717 986 mihi'
732 925 831 1005 inquit
845 924 953 987 Lamia
968 928 1112 986 ‘formam
1126 924 1193 1001 ipse

185 1025 303 1102 fingere,
335 1024 489 1104 ingenium
523 1024 624 1102 potui'
636 1045 645 1100 3
679 1035 744 1084 turn
779 1023 830 1084 hic
866 1023 1059 1084 ‘audiamus'
1093 1021 1193 1100 inquit

185 1121 381 1183 ‘disertum':
416 1123 512 1183 multo
532 1121 623 1183 etiam
642 1121 766 1182 arrisum
788 1133 834 1181 est
855 1119 1070 1181 vehementius.
1114 1121 1193 1181 Sunt

184 1219 275 1281 etiam
290 1219 341 1281 illa
354 1232 480 1281 venusta
496 1231 530 1281 ut
544 1219 574 1280 in
591 1219 730 1297 gravibus
746 1218 909 1291 sententiis,
927 1217 969 1278 sic
988 1216 1020 1278 in
1034 1216 1193 1278 facetiis-

185 1317 246 1379 dixi
260 1317 341 1378 enim
355 1319 472 1379 dudum
486 1317 632 1378 rationem
646 1316 736 1378 aliam
750 1337 816 1378 esse
830 1315 897 1392 ioci,
913 1315 1002 1376 aliam
1016 1315 1189 1389 severitatis,
1207 1336 1239 1372 ιο

124 1427 171 1489 263
184 1415 318 1494 gravium
340 1427 441 1476 autem
464 1426 494 1476 et
518 1413 654 1475 iocorum
678 1435 771 1474 unam
795 1434 862 1475 esse
885 1413 1192 1473 materiam-omant

183 1513 272 1591 igitur
285 1512 317 1572 in
331 1512 433 1590 primis
448 1511 614 1572 orationem
628 1511 719 1572 verba
733 1512 825 1571 relata
838 1509 993 1584 contrarie,
1010 1510 1094 1587 quod
1108 1507 1191 1569 idem

184 1629 278 1687 genus
299 1629 389 1687 saepe
409 1619 455 1669 est
475 1607 566 1669 etiam
585 1610 724 1682 facetum,
747 1620 780 1668 ut
799 1607 918 1669 Servius
935 1606 985 1668 ille
1004 1608 1102 1668 Galba
1120 1626 1191 1666 cum

183 1706 299 1768 iudices
314 1709 347 1766 L.
371 1705 528 1766 Scribonio
546 1705 667 1766 tribuno
684 1703 780 1782 plebis
799 1706 887 1764 ferret
903 1703 1054 1764 familiaris
1073 1722 1144 1764 suos
1161 1714 1192 1763 et

185 1803 306 1864 dixisset
334 1802 412 1863 Libo
446 1804 585 1880 ‘quando
612 1803 744 1875 tandem,
775 1801 881 1875 Galba,
910 1803 950 1861 de
981 1799 1109 1861 triclinio
1137 1810 1191 1860 tuo
1209 1822 1236 1874 ¹⁵

184 1900 318 1961 exibis?’
355 1905 441 1960 ‘cum
469 1901 518 1960 tu'
546 1898 643 1977 inquit
668 1900 723 1959 ‘de
745 1898 886 1960 cubiculo
912 1897 1031 1959 alieno!
1071 1900 1101 1956 A
1128 1917 1191 1974 quo

184 2018 294 2078 genere
321 2019 360 2059 ne
387 1997 462 2058 illud
490 1997 613 2076 quidem
641 1997 803 2075 plurimum
831 1998 930 2073 distat,
956 2000 1040 2075 quod
1065 1996 1193 2058 Glaucia

129 2139 174 2198 66
188 2098 313 2157 Metello
329 2094 445 2154 ‘villam
460 2093 492 2153 in
506 2092 624 2154 Tiburti
638 2096 740 2170 habes,
756 2106 871 2156 cortem
885 2094 917 2155 in
932 2094 1065 2155 Palatio!

228 2197 274 2253 Ac
287 2193 446 2252 verborum
463 2190 588 2270 quidem
607 2212 724 2269 genera,
740 2212 819 2270 quae
838 2203 938 2253 essent
955 2195 1059 2267 faceta,
1081 2192 1193 2254 dixisse

187 2310 236 2350 me
255 2300 347 2368 puto;
376 2308 474 2348 rerum
494 2290 580 2367 plura
595 2300 673 2363 sunt,
696 2309 792 2368 eaque
809 2289 911 2368 magis,
926 2301 960 2350 ut
976 2289 1037 2350 dixi
1055 2302 1134 2364 ante,
1156 2290 1192 2350 ri·
1208 2311 1239 2348 πο

185 2389 312 2462 dentur3
341 2385 372 2446 in
397 2385 507 2465 quibus
530 2396 576 2446 est
598 2385 735 2461 narratio,
758 2406 806 2447 res
827 2406 900 2447 sane
920 2387 1068 2462 difficilis;
1098 2386 1193 2465 expri-

186 2485 298 2545 menda
311 2483 392 2544 enirn
406 2493 515 2544 suntet
525 2485 669 2562 ponenda
681 2494 752 2545 ante
766 2485 872 2544 oculos
886 2504 930 2558 ea,
946 2504 1024 2561 quae
1034 2483 1193 2545 videantur

186 2595 216 2645 et
229 2582 291 2644 veri
308 2582 422 2656 similia,
438 2582 523 2663 quod
541 2592 587 2643 est
606 2582 760 2660 proprium
777 2582 962 2656 narrationis,
979 2593 1009 2643 et
1025 2603 1104 2661 quae
1122 2582 1189 2659 sint,

186 2683 269 2760 quod
283 2678 399 2741 ridiculi
416 2679 568 2758 proprium
591 2690 646 2755 est,
660 2679 835 2757 subturpia;
864 2679 949 2740 cuius
963 2682 1142 2759 exemplum,
1159 2692 1192 2742 ut

186 2776 401 2850 brevissimum,
428 2776 465 2836 sit
492 2796 565 2837 sane
592 2775 675 2850 illud,
701 2779 785 2854 quod
812 2789 883 2838 ante
910 2777 1005 2857 posui,
1031 2779 1130 2841 Crassi
1152 2782 1192 2841 de
1208 2804 1237 2854 ²5

188 2875 343 2936 Memmio.
388 2877 427 2935 Et
443 2876 483 2935 ad
502 2876 562 2935 hoc
580 2894 675 2952 genus
692 2875 876 2937 ascribamus
897 2876 988 2938 etiarn
1008 2878 1193 2939 narrationes

124 2985 173 3047 ²⁶⁵
186 2974 390 3051 apologorum.
416 2971 557 3031 Trahitur
570 2971 661 3032 etiam
675 2971 789 3051 aliquid
801 2994 837 3034 ex
846 2973 976 3048 historia,
989 2985 1029 3046 ut,
1043 2995 1113 3035 cum
1124 2978 1190 3035 Sex.

187 3070 284 3130 Titius
299 3091 331 3131 se
346 3071 545 3132 Cassandram
557 3090 622 3130 esse
636 3069 756 3143 diceret,
774 3074 919 3132 ‘multos’
933 3071 1031 3149 inquit
1041 3073 1193 3134 Antonius

190 3173 331 3247 ‘possum
360 3179 427 3228 tuos
456 3167 565 3228 Aiaces
593 3168 697 3230 Oileos
725 3168 899 3230 nominare)
955 3172 1010 3230 Est
1037 3169 1128 3231 etiam
1155 3191 1193 3232 ex

126 2229 174 2292 264

221 3325 255 3374 M
264 3349 285 3367 =
298 3324 330 3373 H
436 3342 447 3374 1
466 3333 494 3375 tll
506 3327 580 3376 malis
591 3333 646 3375 erat
659 3342 686 3374 m
786 3343 801 3375 a
819 3327 981 3390 Perpennam
995 3330 1077 3376 ‘sueto
1088 3327 1192 3376 mendo'

191 3391 263 3451 (Eli.)
276 3391 341 3439 codol.
419 3407 435 3452 3
454 3392 566 3440 Heluius
578 3389 647 3440 codd.
729 3395 747 3440 6
764 3393 826 3441 mihi
837 3409 889 3442 om.
904 3391 937 3439 M
1017 3409 1048 3442 10
1066 3393 1192 3442 rationem

189 3456 297 3507 Schola:
309 3457 441 3505 materiam
450 3456 516 3508 codd.
586 3473 613 3504 11
628 3457 742 3518 gravium
751 3473 821 3506 mn:
834 3473 958 3518 generum
969 3456 1026 3506 Hm
1060 3459 1192 3507 materiam

188 3522 297 3571 Schultz:
315 3524 440 3571 rationem
451 3522 518 3573 codd.
612 3538 641 3584 13
659 3523 741 3572 Galba
757 3539 808 3572 om.
822 3523 879 3571 Hm
983 3526 1013 3572 18
1031 3530 1128 3572 cortem
1140 3522 1189 3588 Lg.

189 3590 236 3649 36:
254 3588 386 3636 cohortem
396 3604 451 3637 recc.
461 3587 534 3652 (lH)
603 3603 633 3648 ¹9
650 3589 789 3652 quaevulg.
805 3605 811 3637 ε
828 3604 902 3650 quam
915 3588 956 3637 HI
1019 3602 1051 3649 25
1068 3603 1150 3637 sane.
1164 3625 1170 3638 .
1185 3626 1191 3639 .

188 3668 232 3701 an·
244 3668 286 3700 om
305 3652 337 3699 H
347 3655 416 3718 (cum
428 3653 531 3718 lacuna)
544 3669 571 3701 m
612 3654 645 3701 de
657 3653 779 3701 Memmio
790 3669 841 3703 om.
857 3670 884 3702 m
966 3669 997 3716 27
1016 3653 1123 3703 Sextius
1133 3652 1193 3703 Hm
