2648 4216
466 280 524 339 DE
545 278 752 341 ORATORE
793 279 827 339 II
1159 274 1200 334 28
1214 297 1259 334 rar

143 443 196 521 qui
210 446 269 504 hoc
283 443 395 524 primus
410 443 441 504 in
455 454 573 505 nostros
588 463 686 505 mores
704 442 832 517 induxit,
846 442 898 521 qui
912 443 1041 504 maxime
1054 441 1146 516 auxit,

144 540 197 618 qui
217 543 299 601 solus
319 541 425 603 effecit.
470 544 609 620 Namque
624 561 688 620 eg0,
705 540 963 614 Catule-dicam
983 540 1064 602 enim
1082 558 1145 600 non
1160 554 1206 591 1²2

143 658 280 698 reverens
300 638 479 700 adsentandi
499 637 897 717 suspicionem—neminem
915 657 981 698 esse
997 648 1145 698 oratorem

144 737 235 813 paulo
248 734 447 797 inlustriorem
460 735 586 798 arbitror
595 733 706 817 [neque
716 737 866 797 Graecum
880 756 979 814 neque
991 732 1145 817 Latinum]

114 852 235 908 5quem
253 844 334 920 aetas
353 845 455 894 nostra
475 832 583 907 tulerit,
598 853 690 911 quem
707 853 769 894 non
789 844 819 894 et
840 853 930 911 saepe
946 844 976 893 et
990 832 1147 911 diligenter

142 929 288 991 audierim
299 952 308 1006 ;
340 930 441 1010 itaque
465 929 490 991 si
518 930 592 1009 quid
619 940 665 991 est
692 930 723 991 in
748 931 923 1009 me-quod
946 929 1007 990 iarn
1029 951 1146 1009 sperare

142 1026 254 1103 videor,
270 1028 413 1106 quoniam
432 1027 555 1106 quidem
572 1048 635 1102 vos,
654 1028 700 1088 his
722 1028 848 1107 ingeniis
867 1027 1013 1103 homines,
1029 1039 1146 1088 tantum

143 1144 252 1203 operae
275 1125 349 1186 mihi
372 1128 412 1187 ad
436 1126 622 1187 audiendum
647 1126 802 1187 datis-ex
826 1146 864 1187 eo
885 1136 939 1200 est,
964 1127 1047 1204 quod
1071 1125 1146 1186 nihil

142 1222 302 1302 quisquam
322 1243 467 1302 umquam
489 1244 538 1284 me
558 1223 701 1285 audiente
720 1223 781 1302 egit
802 1235 909 1297 orator,
927 1225 1011 1301 quod
1032 1244 1093 1284 non
1114 1222 1146 1284 in

98 1344 130 1381 ro
142 1321 287 1382 memoria
310 1342 379 1382 mea
402 1322 522 1400 penitus
543 1321 705 1383 insederit:
737 1321 837 1401 itaque
859 1342 916 1400 ego
940 1321 973 1394 is,
996 1321 1049 1400 qui
1068 1341 1144 1398 sum,

143 1430 404 1497 quantuscumque
438 1440 506 1481 sum
540 1422 581 1481 ad
619 1419 824 1495 iudicandum,
861 1420 1002 1481 omnibus
1035 1419 1145 1481 auditis

142 1516 316 1591 oratoribus,
332 1517 397 1579 sine
413 1519 475 1578 ulla
492 1516 681 1578 dubitatione
697 1517 742 1578 sic
759 1529 859 1578 statuo
878 1529 909 1578 et
927 1516 1037 1591 iudico,
1053 1516 1146 1577 nerni-

141 1632 212 1673 nem
233 1614 369 1676 omnium
387 1626 434 1676 tot
451 1625 482 1676 et
500 1625 591 1688 tanta,
607 1625 720 1694 quanta
739 1614 799 1675 sint
819 1614 851 1675 in
871 1616 989 1688 Crasso,
1005 1615 1146 1677 habuisse

141 1724 317 1772 ornamenta
344 1711 473 1774 dicendi.
518 1714 619 1789 Quam
647 1712 688 1773 ob
716 1733 787 1787 rem,
811 1711 838 1773 si
859 1732 913 1773 vos
938 1732 1059 1790 quoque
1086 1715 1145 1774 hoc
1160 1735 1208 1786 123

97 1829 126 1880 ιε
140 1807 221 1870 idem
235 1808 416 1883 existimatis,
431 1830 494 1871 non
508 1808 570 1882 erit,
587 1821 620 1870 ut
637 1809 752 1887 opinor,
768 1810 871 1888 iniqua
884 1809 1011 1889 partitio,
1027 1810 1060 1885 si,
1075 1830 1145 1871 cum

140 1925 196 1983 ego
220 1907 301 1968 hunc
322 1918 478 1980 oratorem,
501 1926 594 1985 quem
618 1926 701 1967 nunc
721 1909 811 1985 fingo,
834 1918 867 1967 ut
891 1906 1012 1982 institui,
1035 1928 1144 1982 creato,

138 2005 248 2077 aluer0,
273 2005 459 2078 confirmato,
483 2005 599 2064 tradam
627 2024 698 2065 eum
721 2006 831 2066 Crasso
854 2016 885 2065 et
906 2004 1094 2066 vestiendum
1116 2018 1146 2069 et

140 2102 327 2161 omandum.'
368 2103 449 2162 Tum
464 2102 597 2173 Crassus,
613 2105 665 2161 ‘tu
679 2104 768 2174 vero‚'
781 2101 879 2178 inquit
896 2101 1031 2175 ‘Antoni
1046 2123 1144 2182 perge,
1161 2125 1208 2176 ¹²4

138 2208 173 2257 ut
186 2196 356 2273 instituisti;
383 2198 577 2276 nequeenim
594 2210 640 2259 est
657 2198 732 2259 boni
750 2219 849 2277 neque
864 2198 992 2260 liberalis
1006 2201 1144 2278 parentis,

96 2315 126 2349 ιο
139 2315 231 2372 quem
265 2295 428 2375 procrearis
462 2307 493 2356 et
528 2295 672 2369 eduxeris,
710 2316 780 2356 eum
814 2316 877 2357 non
913 2308 943 2358 et
976 2297 1082 2360 vestire
1116 2311 1147 2360 et

138 2412 252 2467 ornare,
282 2393 454 2471 praesertim
486 2414 556 2454 cum
589 2404 619 2454 te
647 2395 828 2472 locupletem
856 2414 922 2455 esse
949 2415 1057 2474 negare
1084 2416 1147 2456 non

138 2489 244 2566 possis.
295 2492 389 2566 Quod
410 2490 491 2551 enim
520 2502 738 2565 ornamentum,
761 2511 840 2570 quae
862 2474 927 2565 vis:
940 2491 992 2570 qui
1019 2492 1145 2567 animus,

139 2606 217 2662 quae
231 2586 360 2663 dignitas
373 2585 416 2647 illi
433 2586 541 2648 oratori
561 2587 666 2662 deluit,
680 2587 731 2666 qui
751 2587 783 2647 in
801 2608 891 2648 causa
905 2592 1071 2665 peroranda
1084 2610 1147 2651 non

138 2683 286 2744 dubitavit
303 2684 429 2745 excitare
448 2704 533 2745 reum
554 2687 742 2746 consularem
763 2697 794 2747 et
814 2686 878 2747 eius
899 2686 1053 2748 diloricare
1072 2687 1148 2748 tuni-

95 2802 125 2851 25
139 2800 206 2841 cam
220 2793 251 2842 et
264 2781 413 2842 iudicibus
427 2781 579 2843 cicatrices
593 2784 732 2844 adversas
753 2784 832 2844 senis
851 2784 1036 2863 imperatoris
1049 2797 1146 2847 osten·

138 2879 233 2939 dere?
260 2877 313 2956 qui
341 2877 431 2952 idem,
454 2880 514 2940 hoc
541 2892 702 2942 accusante
724 2881 866 2960 Sulpicio,
889 2902 959 2943 cum
986 2883 1144 2944 hominem

138 2975 314 3036 seditiosum
327 2975 533 3055 furiosumque
548 2978 732 3054 defenderet,
746 2998 808 3039 non
823 2979 970 3040 dubitavit
984 2979 1146 3042 seditiones

137 3071 217 3150 ipsas
231 3092 336 3134 ornare
351 3093 386 3134 ac
404 3076 610 3136 demonstrare
628 3075 807 3153 gravissimis
821 3076 918 3138 verbis
933 3079 1042 3138 multos
1056 3097 1146 3158 saepe

138 3169 267 3248 impetus
295 3169 399 3249 populi
426 3191 489 3232 non
517 3171 643 3232 iniustos
670 3192 744 3247 esse,
774 3193 850 3249 quos
881 3185 1028 3252 praestare
1054 3197 1146 3238 nemo

172 3325 205 3374 M
215 3326 332 3375 =AEH
429 3329 737 3391 rprimusL:primu1n
750 3330 808 3378 Mm
883 3331 1038 3382 hausitMm
1127 3350 1143 3394 4

138 3407 222 3454 neque
235 3429 242 3442 .
254 3428 261 3442 .
275 3431 280 3441 .
294 3393 412 3442 Latinum
424 3394 523 3443 seclusit
532 3394 602 3443 Bake
668 3408 684 3456 5
701 3411 781 3458 saepe
792 3396 894 3446 tulerim
906 3404 933 3446 et
945 3398 1004 3447 Mm
1070 3413 1084 3459 7
1102 3399 1143 3448 his

139 3457 250 3518 ingeniis
262 3474 336 3507 ma:
353 3457 409 3508 eius
421 3458 518 3520 ingenii
531 3458 564 3506 M
627 3461 643 3507 B
660 3460 722 3508 mihi
735 3476 805 3511 rece:
823 3461 888 3510 nihil
903 3462 935 3509 M
1012 3479 1042 3513 ro
1058 3465 1143 3526 itaque

138 3537 189 3583 ego
202 3521 248 3570 M:
265 3531 342 3584 atque
359 3538 408 3585 ego
424 3539 479 3574 recc.
551 3526 582 3573 16
598 3525 688 3573 crebro
706 3525 830 3575 adiuvero
848 3527 1048 3577 confirmaboM
1113 3544 1144 3591 19

138 3587 208 3635 enim
221 3602 271 3637 om.
285 3588 318 3636 M
404 3605 436 3649 24
454 3589 729 3654 dillsdilodicariAH,
744 3591 811 3640 unde
821 3591 969 3653 digitisnon
981 3593 1048 3641 nulli
1110 3595 1145 3643 ao
1224 3639 1226 3642 ,

137 3661 275 3702 accusante
298 3669 371 3704 noa:
388 3661 450 3703 ante
461 3654 494 3702 M
