2648 4216
458 270 517 329 ou
538 267 744 332 oRAToRu
788 271 804 331 1
1151 286 1189 348 57
1204 293 1249 344 ,μ

129 422 291 501 ambigitur
314 424 391 485 inter
412 424 615 502 peritissimos,
641 445 703 487 non
727 436 772 487 est
796 426 916 488 difficile
940 428 1049 490 oratori
1073 429 1137 492 eius

129 522 229 600 partis,
252 542 475 602 quamcumque
495 525 646 600 defendet,
661 536 814 587 auctorem
835 527 966 606 aliquem
987 528 1138 605 invenire;

128 640 149 680 a
171 641 232 698 quo
255 641 325 682 curn
348 633 515 683 amentatas
537 624 638 684 hastas
662 624 819 703 acceperit,
843 625 907 703 ipse
934 647 985 688 eas
1013 627 1137 689 oratoris

129 717 247 779 lacertis
265 717 436 797 viribusque
455 719 613 797 torquebit
657 720 724 781 Nisi
740 723 934 784 vero-bona
947 723 1034 784 venia
1047 724 1136 785 huius

99 813 237 890 5optimi
258 813 312 875 viri
334 815 662 878 dixerim-Scaevolae
689 829 722 879 tu
749 818 857 880 libellis
884 831 936 879 aut
969 821 1136 899 praeceptis

128 910 225 971 soceri
240 911 283 972 tui
302 932 424 973 eausam
444 915 488 972 M'
502 912 574 976 Curi
596 914 765 988 defendisti,
781 935 843 976 non
864 916 1019 994 adripuisti
1039 929 1136 995 patro

128 1005 243 1067 oinium
260 1008 418 1086 aequitatis
440 1019 471 1070 et
495 1009 701 1071 defensionem
720 1021 965 1072 testamentorum
983 1033 1020 1074 ac
1033 1016 1136 1074 volun-

128 1103 198 1165 tatis
212 1116 405 1166 mortuorum.
435 1109 482 1167 Ac
496 1126 564 1168 mea
574 1107 697 1185 quidem
712 1108 894 1170 sententia-
900 1112 1040 1188 frequens
1054 1112 1135 1172 enirn
1151 1135 1196 1183 ²43

128 1211 159 1262 te
172 1202 274 1263 audivi
287 1214 379 1281 atque
392 1203 613 1265 adfui-multo
632 1205 774 1267 maiorem
792 1218 906 1283 partem
921 1208 1134 1269 sententiarum

82 1322 114 1361 ιο
128 1301 191 1360 sale
211 1310 265 1360 tuo
285 1311 315 1360 et
337 1301 438 1377 lepore
460 1311 490 1361 et
510 1301 694 1378 politissimis
716 1303 829 1363 facetiis
851 1304 1005 1381 pellexisti,
1021 1325 1090 1366 curn
1104 1315 1134 1366 et

128 1396 204 1458 illud
231 1397 358 1457 nimium
385 1417 513 1459 acumen
541 1399 691 1460 inluderes
719 1412 748 1460 et
776 1401 953 1463 admirarere
981 1403 1134 1481 ingenium

127 1494 289 1554 Scaevolae
303 1492 356 1571 qui
369 1493 564 1570 excogitasset
578 1495 660 1554 nasci
671 1495 751 1572 prius
766 1507 903 1573 oportere
917 1517 1007 1574 quarn
1021 1499 1134 1573 emori3

127 1610 258 1668 cumque
272 1591 366 1650 multa
380 1590 543 1668 conligeres
557 1601 588 1651 et
601 1611 638 1651 ex
648 1591 763 1668 legibus
774 1603 803 1652 et
814 1613 851 1652 ex
860 1603 981 1654 senatus
990 1594 1133 1655 consultis

127 1698 158 1748 et
173 1708 209 1748 ex
222 1687 283 1748 vita
296 1706 333 1748 ac
350 1706 488 1748 sermone
511 1687 665 1748 communi
682 1707 745 1748 non
762 1689 854 1749 modo
869 1700 957 1749 acute
974 1690 1028 1750 sed
1042 1690 1132 1750 etiam

15 1855 18 1859 ,
83 1809 113 1859 15
127 1785 252 1846 ridicule
265 1805 302 1846 ac
316 1787 420 1858 facete,
435 1785 488 1846 ubi
502 1785 527 1846 si
540 1786 639 1859 verba,
655 1805 717 1846 non
731 1805 794 1846 rern
809 1805 1008 1863 sequeremur,
1024 1786 1132 1847 confici

127 1882 203 1943 nihil
216 1894 338 1960 posset:
358 1881 460 1959 itaque
473 1881 626 1942 hilaritatis
641 1883 765 1960 plenum
787 1882 931 1943 iudicium
949 1903 985 1943 ac
1004 1883 1132 1944 laetitiae

126 1977 204 2055 fuit3
224 1979 255 2038 in
270 1997 332 2056 quo
351 1977 425 2055 quid
445 1977 500 2038 tibi
519 1976 590 2038 iuris
611 1977 705 2038 civilis
719 1977 889 2039 exercitatio
903 1978 1054 2055 profuerit,
1069 1998 1132 2039 non

127 2077 268 2155 intellego
280 2099 289 2152 5
309 2075 430 2137 dicendi
443 2075 488 2136 vis
502 2074 626 2152 egregia,
637 2094 754 2136 summa
762 2074 920 2135 festivitate
933 2085 963 2135 et
977 2086 1132 2136 venustate

128 2174 297 2249 coniuncta,
313 2175 430 2254 profuit
475 2178 546 2254 Ipse
560 2175 610 2236 ille
631 2174 753 2236 Mucius
771 2174 887 2253 paterni
908 2174 979 2234 iuris
992 2174 1132 2235 defensor
1146 2200 1195 2252 ²44

82 2298 115 2334 ιο
128 2283 159 2333 et
176 2271 263 2350 quasi
284 2272 444 2351 patrimoni
462 2282 664 2351 propugnator
682 2270 737 2345 sui,
752 2270 825 2349 quid
839 2269 870 2330 in
885 2270 934 2330 illa
948 2290 1046 2344 causa,
1061 2290 1131 2331 curn

127 2379 232 2430 contra
252 2379 282 2430 te
302 2368 423 2443 diceret,
444 2368 551 2443 attulit,
567 2370 649 2446 quod
673 2369 713 2428 de
735 2366 798 2429 iure
817 2367 895 2428 civili
919 2367 1131 2445 depromptum

125 2466 296 2528 videretur?
331 2469 432 2545 Quam
446 2469 543 2546 legem
557 2466 712 2527 recitavit?
746 2466 830 2542 Quid
839 2465 979 2544 patefecit
989 2465 1129 2539 dicendo,

125 2564 210 2642 quod
224 2563 327 2625 fuisset
341 2563 485 2642 imperitis
499 2563 668 2625 occultius?
709 2565 828 2641 Nempe
842 2563 906 2624 eius
923 2563 1021 2624 omnis
1035 2563 1130 2625 oratio

125 2674 241 2723 versata
263 2674 309 2724 est
332 2663 364 2723 in
391 2683 438 2736 eo,
461 2672 495 2723 ut
522 2661 664 2739 scriptum
686 2660 848 2739 plurimum
872 2662 969 2721 valere
993 2672 1130 2738 oportere

81 2783 111 2833 ²⁵
126 2761 320 2835 defenderet,
342 2772 374 2821 at
395 2760 426 2820 in
448 2761 508 2821 hoc
531 2779 639 2838 genere
662 2759 747 2837 pueri
771 2759 853 2837 apud
875 2757 1030 2836 magistros
1052 2778 1131 2819 exer·

125 2868 231 2918 centur
258 2878 372 2932 omnes,
396 2878 466 2919 cum
494 2858 525 2918 in
552 2858 616 2918 eius
641 2857 724 2918 modi
752 2856 848 2918 causis
876 2856 949 2917 alias
976 2856 1128 2935 scripturn,

125 2956 198 3016 alias
222 2956 404 3034 aequitatem
435 2957 598 3018 defendere
625 2957 778 3016 docentur.
823 2958 871 3028 Et,
897 2956 996 3027 credo,
1021 2953 1052 3013 in
1080 2953 1130 3014 illa
1145 2972 1190 3023 ²45

125 3052 227 3115 militis
249 3074 348 3128 causa,
371 3054 397 3115 si
421 3065 453 3115 tu
475 3066 527 3115 aut
549 3055 691 3115 heredem
713 3065 765 3114 aut
787 3053 912 3113 militem
934 3052 1128 3126 defendisses,

124 3153 165 3213 ad
194 3152 381 3214 Hostilianas
409 3165 439 3214 te
466 3153 609 3227 actiones,
640 3174 701 3214 non
734 3154 775 3214 ad
806 3163 889 3213 tuam
921 3150 981 3211 vim
1009 3161 1040 3212 et
1067 3171 1130 3212 ora·

79 3270 112 3319 30
125 3247 232 3310 toriam
251 3250 422 3310 facultatem
441 3249 635 3310 contulisses:
660 3260 693 3310 tu
709 3269 789 3322 vero,
806 3250 853 3308 vel
871 3247 895 3308 si
917 3257 1129 3308 testamentum

124 3345 310 3418 defenderes,
325 3344 369 3405 sic
382 3364 492 3422 ageres,
508 3356 541 3404 ut
555 3364 646 3405 omne
664 3344 799 3404 omniurn
819 3354 1064 3404 testamentorum
1083 3341 1129 3403 ius

125 3441 156 3501 in
170 3461 208 3504 eo
221 3441 334 3503 iudicio
347 3442 479 3521 positum
492 3442 649 3516 videretur,
664 3444 712 3502 vel
726 3442 751 3502 si
767 3461 889 3502 causam
902 3461 1003 3518 ageres
1018 3439 1127 3515 militis,

121 3549 240 3615 patrem
253 3541 326 3617 eius,
342 3551 376 3603 ut
397 3542 484 3615 soles,
500 3541 631 3602 dicendo
652 3561 671 3601 a
693 3539 817 3601 mortuis
839 3538 1019 3614 excitasses3
1039 3549 1129 3600 statu-

442 3695 460 3742 6
476 3709 563 3744 nonne
574 3693 641 3744 codd.
653 3711 659 3744 ι
677 3710 737 3743 corr.
749 3692 818 3742 Bake
