2648 4216
436 246 495 324 pu
515 245 723 308 onnronu
764 246 816 308 111
1142 253 1193 306 ns

16 469 19 476 .
122 411 210 474 rediit
231 410 343 490 dieque
369 410 499 498 septimo
525 410 624 483 lateris
648 412 753 473 dolore
776 424 974 491 consumptus
1000 423 1054 473 est.
1098 413 1157 488 07

122 511 260 570 fallacem
287 507 445 569 hominum
473 527 558 587 spem
585 507 780 595 fragilemque
802 510 953 571 fortunam
977 521 1008 571 et
1031 509 1128 571 inanis

123 618 239 668 nostras
260 605 478 681 contentiones,
493 626 573 685 quae
592 607 695 668 medio
715 605 747 668 in
768 607 866 686 spatio
886 629 976 688 saepe
992 610 1131 688 frangun-

123 716 171 765 tur
193 716 223 765 et
247 715 389 765 corruunt
412 714 465 765 aut
488 715 559 765 ante
582 702 614 764 in
636 703 703 782 ipso
726 723 815 766 cursu
839 705 1014 780 obruuntur,
1038 726 1129 785 quam

94 814 244 882 spartum
264 802 439 881 conspicere
454 805 634 882 potueruntl
676 803 757 863 Nam
776 803 938 881 quamdiu
956 803 1054 866 Crassi
1074 803 1130 864 fuit

123 900 296 963 ambitionis
310 902 413 962 labore
422 900 484 961 vita
494 900 634 974 districta,
645 900 771 963 tamdiu
781 901 903 980 privatis
917 902 1010 980 magis
1024 901 1129 963 officiis

124 1009 154 1060 et
178 997 279 1078 ingeni
303 1000 392 1060 laude
420 997 520 1059 floruit
541 1017 633 1076 quam
657 999 755 1060 fructu
778 998 984 1079 amplitudinis
1010 1010 1064 1062 aut
1087 999 1128 1061 rei

123 1095 263 1178 publicae
277 1095 440 1174 dignitate3
460 1093 512 1174 qui
529 1106 632 1156 autem
645 1114 744 1156 annus
758 1094 786 1156 ei
799 1096 913 1174 primus
925 1097 965 1157 ab
979 1098 1129 1158 honorum

124 1195 332 1274 perfunctione
352 1195 468 1256 aditum
482 1193 619 1256 omnium
640 1213 785 1255 concessu
806 1195 847 1255 ad
867 1215 1016 1255 summam
1029 1207 1131 1256 aucto·

81 1314 112 1352 ro
124 1291 242 1352 ritatem
256 1292 356 1366 dabat,
372 1291 398 1352 is
415 1291 478 1372 eius
497 1311 620 1354 omnem
635 1310 720 1369 spem
737 1302 828 1370 atque
847 1291 949 1352 omnia
962 1291 1041 1353 vitae
1059 1312 1129 1353 con·

124 1389 190 1451 silia
212 1402 308 1451 morte
329 1389 476 1469 pervertit.
520 1388 589 1449 Fuit
614 1389 674 1449 hoc
697 1390 869 1450 luctuosum
893 1389 962 1462 suis,
986 1391 1157 1450 acerbumu

124 1487 244 1566 patriae,
259 1507 348 1567 grave
367 1486 455 1548 bonis
474 1485 615 1547 omnibus
625 1507 634 1561 ;
655 1486 709 1546 sed
728 1484 756 1546 ei
774 1497 875 1547 tamen
895 1506 957 1546 rem
976 1485 1128 1565 publicam

124 1605 211 1646 casus
230 1584 325 1646 secuti
346 1596 424 1658 sunt,
440 1594 473 1644 ut
494 1582 568 1644 mihi
590 1604 652 1644 non
673 1595 776 1663 erepta
798 1585 831 1644 L
849 1585 958 1645 Crasso
974 1603 992 1643 a
1008 1583 1055 1644 dis
1077 1583 1130 1643 im·

125 1681 301 1742 mortalibus
314 1681 383 1756 vita,
399 1683 454 1742 sed
470 1682 583 1742 donata
602 1700 683 1741 mors
702 1700 768 1741 esse
781 1679 924 1746 videatur,
968 1681 1040 1740 Non
1054 1679 1129 1741 vidit

81 1799 110 1851 ¹5
125 1782 298 1858 flagrantem
322 1781 404 1841 bello
429 1777 558 1853 ltaliam,
578 1798 641 1840 non
665 1779 821 1840 ardentem
845 1777 957 1839 invidia
980 1788 1129 1853 senatum,

124 1897 187 1936 non
214 1876 333 1938 sceleris
361 1875 465 1937 nefarii
491 1874 641 1956 principes
669 1874 796 1937 civitatis
823 1895 898 1949 reos,
924 1896 986 1937 non
1014 1879 1128 1937 luctum

124 1973 211 2049 filiae,
223 1994 286 2035 non
301 1973 438 2035 exsilium
451 1971 563 2052 generi,
572 1993 634 2034 non
642 1972 866 2035 acerbissimam
878 1975 912 2036 C.
927 1973 1005 2034 Mari
1016 1975 1128 2052 fugam,

123 2092 186 2132 non
200 2071 281 2132 illam
296 2083 365 2150 post
378 2070 508 2134 reditum
521 2070 586 2133 eius
599 2073 724 2133 caedem
734 2070 871 2133 omnium
882 2070 1127 2145 crudelissimam,

124 2189 186 2229 non
201 2169 333 2248 denique
351 2169 383 2230 in
402 2167 486 2230 omni
502 2189 611 2247 genere
627 2171 826 2230 deformatam
840 2189 907 2230 eam
921 2167 1082 2244 civitatem,
1095 2167 1127 2228 in

79 2285 112 2322 ao
124 2285 185 2344 qua
197 2265 262 2346 ipse
276 2265 485 2329 florentissima
498 2269 626 2329 multum
637 2266 779 2329 omnibus
794 2264 911 2349 [gloria]
925 2266 1126 2346 praestitisset.

165 2365 206 2425 Et
216 2364 360 2444 quoniam
373 2364 458 2443 attigi
471 2364 652 2444 cogitatione
662 2364 724 2426 vim
734 2364 967 2444 varietatemque
980 2367 1127 2441 fortunae,
1141 2339 1161 2397 3

122 2483 186 2524 non
208 2463 363 2543 vagabitur
383 2463 479 2526 oratio
500 2484 568 2525 mea
584 2463 703 2543 longius
723 2475 816 2542 atque
836 2463 879 2526 eis
901 2467 963 2526 fere
984 2464 1055 2542 ipsis
1077 2466 1128 2526 de·

122 2560 242 2621 finietur
261 2560 341 2637 viris,
361 2561 413 2641 qui
437 2564 497 2622 hoc
519 2582 667 2637 sermone,
687 2581 779 2640 quem
804 2564 910 2623 referre
933 2561 1126 2640 suscepimus,

122 2657 321 2720 continentur.
366 2657 444 2736 Quis
464 2658 545 2720 enirn
566 2678 629 2732 non
651 2658 715 2720 iure
728 2659 856 2720 'beatam
878 2661 912 2720 L
929 2658 1028 2721 Crassi
1052 2678 1128 2719 mor-

78 2771 109 2823 25
122 2766 184 2817 tem
209 2755 301 2832 illam,
323 2776 401 2835 quae
423 2768 470 2818 est
490 2778 509 2819 a
533 2757 635 2819 multis
659 2777 749 2836 saepe
773 2759 892 2831 defleta,
917 2756 1033 2832 dixerit,
1057 2777 1127 2818 cum

121 2856 230 2917 horum
250 2854 384 2934 ipsorum
403 2855 452 2931 sit,
465 2855 517 2934 qui
534 2866 599 2917 tum
616 2876 686 2917 curn
705 2855 757 2917 illo
776 2867 960 2934 postremum
979 2856 1040 2917 fere
1058 2875 1128 2916 con-

121 2953 214 3015 locuti
228 2965 305 3028 sunt,
323 2965 464 3034 eventum
483 2956 678 3015 recordatus?
719 2955 873 3014 Tenemus
887 2952 968 3014 enim
983 2951 1127 3014 memoria

122 3051 160 3126 Q.
177 3052 328 3124 Catulum,
343 3049 439 3111 virum
459 3050 543 3111 omni
563 3052 652 3112 laude
673 3061 883 3130 praestantem,
898 3069 968 3110 curn
988 3048 1044 3110 sibi
1063 3069 1125 3110 non

121 3145 305 3208 incolumem
326 3149 484 3222 fortunam,
507 3149 561 3210 sed
580 3148 716 3210 exsilium
741 3159 771 3209 et
789 3149 890 3225 fugam
909 3148 1125 3224 deprecaretur,

77 3258 110 3309 30
122 3263 188 3306 esse
208 3256 356 3318 coactum,
372 3257 405 3306 ut
421 3245 483 3306 vita
500 3266 533 3307 se
549 3245 614 3325 ipse
629 3245 764 3326 privaret
811 3246 877 3306 Iam
899 3246 942 3304 Μ.
959 3243 1074 3304 Antoni
1094 3241 1173 3303 inre

122 3340 166 3402 eis
184 3341 256 3422 ipsis
275 3343 386 3418 rostris,
400 3343 431 3403 in
446 3342 556 3422 quibus
573 3343 622 3405 ille
639 3342 869 3422 rempublicam
886 3339 1126 3402 constantissime

155 3499 188 3547 M
199 3523 220 3542 ι
233 3497 316 3546 ΑΕΗ
420 3514 435 3559 3
452 3499 537 3548 rnedio
549 3498 587 3548 L:
610 3497 732 3547 mediocri
744 3494 778 3556 M
881 3511 895 3557 7
913 3495 1021 3545 fmctum
1037 3493 1083 3554 Μγ
1095 3509 1128 3556 ³2

120 3578 154 3627 *ra
172 3563 199 3613 hi
211 3564 262 3612 mL
347 3579 377 3625 15
395 3580 447 3612 non
461 3580 510 3613 om.
524 3562 556 3611 Μ
636 3579 669 3611 ao
685 3562 767 3624 gloria
777 3577 827 3611 om.
842 3560 876 3608 M
954 3562 987 3608 26
1004 3566 1057 3609 turn
1070 3575 1127 3609 cum

122 3629 207 3692 vulg.:
225 3634 279 3678 tum
291 3644 342 3678 om,
355 3645 399 3679 mr
416 3644 536 3677 curnem.
550 3626 608 3675 Mm
690 3629 723 3675 28
740 3626 772 3688 Q.
784 3627 904 3677 Catulum
917 3642 968 3674 om.
981 3624 1011 3672 M
1095 3640 1129 3687 ας

122 3694 242 3744 exsilium
255 3692 278 3741 L
289 3694 373 3756 vulp:
391 3695 488 3743 exitum
500 3691 533 3740 M
