2648 4216
110 261 177 337 'sn
470 255 515 315 M.
537 230 666 314 'svm
688 229 920 316 cicuxoms

157 410 177 473 ⁵
232 423 278 484 Ut
304 412 393 500 igitur
422 432 493 484 ante
524 411 680 482 meridiem
707 417 907 481 discesserunt
936 420 1122 498 paulumque
1152 437 1196 478 re·

147 500 176 554 ¹⁷
190 519 339 598 quierunt,
353 519 385 581 in
399 518 502 599 primis
515 520 575 580 hoc
590 539 610 580 a
629 538 662 579 se
679 518 769 581 Cotta
782 516 1022 578 animadversum
1036 535 1102 577 esse
1115 513 1196 576 dice-

190 616 250 690 bat,
266 637 357 678 omne
377 605 453 678 illud
474 626 594 695 tempus
614 606 814 677 meridianum
833 615 975 677 Crassum
996 611 1028 673 in
1049 612 1195 674 acerrima

188 723 279 790 atque
292 704 490 776 attentissima
505 712 687 791 cogitatione
704 711 841 791 posuisse
860 731 995 790 seseque,
1010 709 1063 788 qui
1076 712 1193 771 vultum

188 809 262 884 eius,
277 831 347 871 cum
361 799 389 873 ei
403 811 568 872 dicendum
582 820 671 885 esset,
684 811 884 887 obtutumque
897 810 1054 869 oculorum
1068 807 1100 868 in
1114 807 1195 886 cogi·
1209 823 1224 874 ⁵

188 911 282 971 tando
296 911 391 988 probe
408 920 512 971 nosset
529 921 621 986 atque
639 908 671 969 in
690 898 826 969 maximis
844 898 941 969 causis
956 926 1046 987 saepe
1058 906 1194 984 vidisset,

187 1017 252 1067 turn
263 1007 366 1068 dedita
376 1027 468 1086 opera
477 1005 702 1086 quiescentibus
711 1005 777 1066 aliis
791 1004 822 1065 in
836 1025 904 1066 eam
914 1007 1054 1066 exedram
1064 1004 1194 1081 venisse,

186 1103 219 1164 in
233 1125 293 1182 qua
307 1106 432 1166 Crassus
450 1103 551 1184 posito
567 1105 679 1164 lectulo
697 1102 889 1176 recubuisset,
905 1122 1036 1180 cumque
1051 1122 1122 1162 eum
1142 1104 1194 1164 de·

187 1202 279 1262 fixum
293 1201 325 1262 in
340 1201 521 1280 cogitatione
535 1221 601 1262 esse
615 1199 763 1274 sensisset,
776 1199 876 1260 statim
889 1199 1047 1260 recessisse
1055 1211 1149 1278 atque
1159 1199 1193 1260 in

186 1313 224 1360 eo
242 1299 361 1360 silentio
380 1302 455 1360 duas
472 1300 561 1359 horas
578 1300 640 1359 fere
657 1317 724 1360 esse
738 1309 941 1377 consumptas.
986 1297 1106 1359 Deinde
1119 1318 1192 1358 curn
1209 1318 1240 1355 10

186 1416 292 1457 omnes
313 1396 457 1456 inclinato
477 1394 538 1456 iarn
560 1394 592 1455 in
614 1395 868 1474 posmeridianum
889 1405 1008 1475 tempus
1029 1395 1079 1457 die
1095 1396 1194 1457 venis

186 1505 253 1554 sent
272 1494 312 1555 ad
334 1495 487 1568 Crassum,
502 1493 596 1572 ‘quid
612 1505 666 1567 est,
683 1494 808 1567 Crasse,'
821 1484 919 1571 inquit
938 1485 1033 1553 Iulius
1051 1492 1192 1555 ‘imusne

185 1595 325 1653 sessum?
374 1590 440 1651 Etsi
467 1591 657 1663 admonitum
685 1591 820 1652 venimus
848 1600 889 1665 te,
915 1611 979 1652 non
1006 1590 1191 1669 flagitatum!

142 1700 170 1748 18
184 1692 265 1749 Tum
280 1691 406 1751 Crassus
423 1692 480 1750 ‘an
502 1681 551 1750 me
570 1701 632 1750 tarn
652 1687 860 1768 impudentem
874 1708 940 1749 esse
953 1688 1137 1764 erdstimatis,
1155 1700 1191 1749 ut

183 1787 268 1848 vobis
293 1789 353 1848 hoc
377 1787 550 1866 praesertim
574 1807 685 1872 munus
707 1796 810 1865 putem
832 1803 877 1845 me
896 1785 1009 1847 diutius
1029 1806 1119 1865 posse
1139 1788 1191 1847 de·
1207 1804 1236 1855 15

183 1875 292 1946 berel’
334 1885 488 1961 ‘Quinam
507 1884 612 1964 igitur'
629 1884 727 1962 inquit
744 1886 755 1915 ‘
763 1883 813 1944 ille
831 1886 939 1944 locus?
978 1887 1029 1944 An
1043 1883 1074 1944 in
1089 1885 1190 1945 media

184 1982 256 2043 silva
277 1985 397 2061 placet?
439 1985 494 2042 Est
515 1982 596 2042 enim
617 1981 643 2043 is
663 1981 795 2043 maxime
813 1991 844 2042 et
864 2002 977 2060 opacus
998 1993 1029 2044 et
1046 1981 1190 2061 frigidus)

185 2083 299 2154 ‘Sane'
324 2079 421 2158 inquit
442 2082 568 2143 Crassus
591 2079 721 2140 ‘etenim
742 2078 839 2139 estin
860 2098 898 2139 eo
920 2081 989 2140 loco
1011 2081 1098 2140 sedes
1117 2080 1189 2141 huic

183 2189 285 2238 nostro
313 2192 376 2238 non
410 2168 582 2256 importuna
609 2175 759 2238 sermoni)
810 2177 889 2239 Cum
917 2175 1077 2254 placuisset
1105 2175 1189 2238 idem

183 2273 296 2347 ceteris,
313 2273 353 2345 ³in
377 2273 482 2335 silvam
503 2273 620 2334 venitur
641 2285 672 2334 et
693 2272 735 2334 ibi
757 2293 866 2352 magna
885 2293 956 2333 curn
976 2273 1121 2335 audiendi
1140 2294 1189 2335 ex·
1203 2293 1234 2328 20

183 2371 368 2448 spectatione
382 2371 554 2433 considitur.
858 2365 860 2368 ⁴

139 2491 168 2543 19
222 2471 303 2529 Tum
318 2471 443 2531 Crassus
462 2472 552 2530 ‘cum
571 2469 731 2531 auctoritas
750 2480 841 2548 atque
859 2468 990 2529 amicitia
1003 2481 1101 2531 vestra
1121 2483 1187 2532 tum

182 2567 296 2628 Antoni
315 2567 582 2646 facilitaseripuit'
601 2567 699 2646 inquit
718 2567 810 2627 ‘mihi
831 2566 862 2626 in
881 2566 996 2644 optima
1014 2588 1082 2629 mea
1096 2589 1187 2630 causa

180 2664 347 2726 libertatem
360 2665 539 2727 recusandi:
560 2686 744 2744 quamquam
762 2666 794 2726 in
813 2664 969 2744 partienda
982 2665 1186 2744 disputatione

180 2774 290 2837 nostra,
314 2783 384 2823 cum
409 2762 463 2824 sibi
490 2764 529 2824 de
554 2763 607 2838 eis,
630 2783 709 2841 quae
732 2762 793 2824 dici
816 2763 856 2823 ab
880 2762 996 2823 oratore
1024 2775 1183 2842 oporteret,
1200 2786 1231 2837 ²5

179 2870 316 2934 sumeret,
341 2860 415 2920 mihi
436 2872 537 2921 autem
559 2860 749 2938 relinqueret,
769 2871 803 2921 ut
825 2859 1013 2939 explicarem,
1032 2882 1123 2940 quem
1144 2865 1185 2925 ad

179 2959 305 3018 modum
322 2957 372 3018 illa
391 2958 488 3020 ornari
505 2970 662 3037 oporteret,
678 2979 715 3020 ea
734 2958 844 3034 divisit,
863 2979 941 3036 quae
962 2959 1097 3021 seiuncta
1118 2981 1184 3024 esse

179 3073 240 3114 non
261 3068 394 3132 possunt.
440 3059 520 3118 Nam
539 3077 609 3117 cum
628 3056 726 3118 omnis
746 3077 782 3117 ex
801 3077 832 3118 re
848 3068 940 3135 atque
953 3057 1051 3119 verbis
1065 3064 1184 3121 constet

179 3151 284 3226 oratio,
308 3172 407 3230 neque
432 3155 522 3215 verba
547 3156 650 3216 sedem
678 3149 789 3216 habere
816 3168 953 3234 possunt,
977 3155 1002 3216 si
1027 3176 1090 3216 rem
1114 3157 1184 3218 sub

134 3265 165 3302 σο
178 3249 308 3325 traxeris,
332 3269 431 3329 neque
453 3271 499 3312 res
522 3253 632 3325 lumen,
656 3251 681 3312 si
705 3254 795 3314 verba
819 3253 987 3316 semoveris,
1038 3258 1085 3316 Ac
1107 3255 1182 3317 mihi
1195 3254 1230 3324 30'

177 3345 301 3422 quidem
325 3357 439 3408 veteres
462 3339 506 3408 illi
530 3344 795 3428 maiusquiddam
815 3351 918 3412 animo
942 3343 1089 3430 complexi
1114 3356 1182 3432 plus

210 3501 242 3549 M
252 3501 370 3551 :AEH
475 3503 544 3552 rut
560 3499 659 3554 omssM
735 3506 888 3568 paulumque
909 3509 1059 3570 requierunt
1079 3526 1129 3560 om.
1151 3510 1186 3561 M

179 3580 207 3613 11
220 3565 343 3616 inclinato
351 3569 402 3616 iam
411 3567 604 3630 inhicdefia'tH
680 3585 708 3631 13
720 3579 748 3620 et
756 3571 887 3632 neAE36
953 3588 983 3635 13
994 3574 1179 3641 admo(nitum)

175 3629 382 3693 hr'cdeficr'untM
463 3647 493 3694 15
511 3649 552 3682 me
563 3633 660 3683 addidit
669 3634 813 3696 Lambinus
877 3638 966 3688 deberi
977 3637 1066 3690 Peam
1149 3644 1181 3690 16

174 3696 280 3756 quinam
292 3696 441 3747 Manutius:
458 3700 580 3760 quidnam
592 3699 659 3749 mdc
760 3715 792 3762 25
809 3703 842 3750 de
853 3702 895 3749 his
906 3703 972 3753 codd.
