2648 4216
467 247 526 307 DE
547 246 753 308 ORATORE
791 248 806 307 Ῑ
1153 259 1188 320 3¹
1204 267 1249 305 art

134 412 235 488 videri,
250 425 283 475 ut
297 413 334 489 ei,
350 413 402 492 qui
421 413 554 488 audiant,
573 424 625 475 aut
645 414 728 475 illurn
750 414 884 493 ineptum
906 426 937 476 et
957 416 1138 476 Graeculum

132 522 247 588 putent,
256 522 317 586 aut,
329 511 419 573 etiam
433 512 459 574 si
472 513 560 573 valde
573 513 702 590 probent
716 512 877 590 ingenium,
887 511 1011 574 oratoris
1025 512 1139 590 sapien-

131 608 205 669 tiam
227 608 419 683 admirentur,
445 630 477 671 se
501 629 567 671 esse
590 612 697 671 stultos
721 612 846 672 moleste
870 602 1199 671 serant‘·‘sed‘r‘taaaa

130 717 265 783 peragrat
289 727 342 785 per
362 706 488 781 animos,
514 707 555 768 ita
576 727 681 768 sensus
703 707 860 768 hominum
883 707 991 768 mentls
1013 727 1052 768 ue
1075 727 1139 785 per·

100 823 115 872 3
130 813 244 876 tractat,
259 815 292 865 ut
306 823 368 865 non
383 804 532 866 desideret
548 804 795 883 philosophorum
809 803 1024 882 descriptiones
1038 823 1137 882 neque

130 900 263 979 exquirat
277 901 420 975 oratione,
436 921 587 963 summum
606 901 680 963 illud
699 902 813 963 bonum
830 901 861 961 in
879 901 1021 962 animone
1039 901 1077 963 sit
1096 920 1136 961 an

129 997 161 1058 in
180 1018 313 1077 corpore,
327 999 436 1060 virtute
455 1020 494 1059 an
513 1001 667 1077 voluptate
685 998 851 1072 definiatur,
868 1019 908 1059 an
922 999 998 1060 haec
1014 998 1090 1059 inter
1103 1017 1136 1059 se

128 1095 211 1174 iungi
233 1096 426 1175 copularique
448 1095 564 1175 possint
575 1118 585 1171 ;
611 1117 651 1157 an
673 1116 752 1170 vero,
774 1106 807 1157 ut
828 1096 1007 1174 quibusdam
1028 1095 1134 1168 visum,

127 1192 203 1252 nihil
227 1204 341 1254 certum
363 1181 439 1266 sciri,
464 1193 538 1253 nihil
561 1195 651 1271 plane
674 1193 815 1271 cognosci
837 1204 867 1254 et
891 1192 1003 1271 percipi
1024 1191 1136 1270 possit;

82 1311 114 1348 ιο
127 1309 254 1368 quarum
278 1310 376 1351 rerum
397 1292 492 1352 fateor
515 1310 654 1368 magnam
678 1290 933 1369 multiplicemque
960 1309 1026 1350 esse
1050 1287 1136 1351 disci-

126 1387 241 1466 plinam
264 1398 295 1450 et
322 1390 430 1449 multas
452 1388 589 1467 copiosas
612 1388 767 1466 variasque
790 1387 926 1448 rationes.
970 1387 1031 1448 Sed
1052 1385 1135 1447 aliud
1150 1411 1197 1461 πη

126 1484 281 1562 quiddam,
306 1487 396 1563 longe
418 1485 510 1559 aliud,
535 1486 651 1559 Crasse,
676 1484 865 1563 quaerimus:
897 1495 987 1545 acuto
1010 1483 1134 1544 homine

125 1582 214 1643 nobis
236 1602 313 1661 opus
334 1594 380 1644 est
401 1595 431 1644 et
451 1595 557 1644 natura
573 1603 689 1661 usuque
706 1583 824 1656 callido,
844 1582 895 1661 qui
914 1581 1057 1660 sagaciter
1070 1602 1133 1659 per-

124 1680 258 1758 vestiget,
269 1681 344 1759 quid
357 1680 403 1742 sui
414 1680 493 1742 cives
501 1681 589 1759 eique
600 1680 746 1754 homines,
756 1680 866 1758 quibus
874 1679 987 1758 aliquid
1001 1679 1132 1740 dicendo

79 1798 111 1850 ¹5
125 1778 304 1855 persuadere
322 1777 401 1851 velit,
424 1778 563 1856 cogitent,
587 1778 725 1851 sentiant,
749 1777 917 1856 opinentur,
940 1787 1132 1854 exspectent;

125 1886 226 1935 teneat
247 1887 365 1953 oportet
388 1895 480 1937 venas
502 1876 646 1954 cuiusque
673 1875 797 1953 generis,
819 1874 932 1948 aetatis,
958 1872 1079 1947 ordinis,
1101 1883 1131 1934 et
1144 1891 1183 1953 52

124 1992 238 2046 eorum,
265 1973 347 2051 apud
373 1993 451 2051 quos
476 1972 591 2051 aliquid
617 1984 685 2051 aget
711 1985 763 2034 aut
790 1972 844 2033 erit
870 1983 999 2046 acturus,
1022 1970 1131 2032 mentis

124 2089 290 2148 sensusque
314 2072 469 2148 degustet3
497 2070 745 2149 philosophorum
768 2082 870 2131 autem
891 2069 982 2131 libros
1003 2078 1130 2130 reservet
1146 2091 1191 2136 2²⁴

124 2166 182 2228 sibi
196 2169 236 2228 ad
249 2167 374 2229 huiusce
395 2167 478 2229 modi
492 2167 656 2229 Tusculani
670 2168 803 2245 requiem
817 2180 908 2246 atque
922 2168 1026 2241 otium,
1042 2188 1089 2241 ne,
1104 2168 1130 2228 si

77 2285 110 2322 ao
123 2267 247 2343 quando
274 2265 302 2326 ei
329 2265 492 2327 dicendum
516 2266 571 2327 erit
593 2267 632 2326 de
653 2265 764 2327 iustitia
786 2277 815 2326 et
845 2267 913 2339 fide,
939 2276 1091 2326 mutuetur
1110 2285 1129 2326 a

123 2363 249 2424 Platone
260 2385 270 2437 3
298 2363 358 2441 qui,
387 2383 457 2423 cum
484 2365 560 2424 haec
587 2363 780 2440 exprimenda
806 2363 903 2424 verbis
930 2362 1126 2437 arbitraretur,

121 2480 231 2521 novam
255 2462 408 2538 quandam
430 2461 514 2521 finxit
538 2460 569 2520 in
593 2459 674 2520 libris
696 2460 865 2534 civitatem3
893 2480 988 2538 usque
1009 2480 1047 2521 eo
1068 2460 1126 2534 illa,

121 2577 200 2635 quae
213 2557 343 2619 dicenda
363 2559 403 2619 de
423 2558 535 2619 iustitia
555 2558 688 2636 putabat,
702 2578 721 2618 a
735 2557 813 2618 vitae
834 2557 1051 2618 consuetudine
1064 2568 1127 2618 eta

121 2655 274 2717 civitatum
289 2655 422 2717 moribus
436 2656 645 2717 abhorrebant
689 2656 782 2731 Quod
797 2654 822 2715 si
836 2674 872 2716 ea
885 2655 1080 2732 probarentur
1094 2654 1125 2713 in
1140 2683 1186 2733 225

75 2772 105 2821 ²5
120 2753 240 2831 populis
258 2765 349 2832 atque
369 2753 401 2814 in
422 2753 598 2828 civitatibus,
617 2753 684 2832 quis
705 2752 767 2827 tibi,
789 2754 904 2826 Crasse,
920 2753 1123 2826 concessisset,

119 2851 285 2912 clarissimo
308 2851 371 2913 viro
393 2863 423 2913 et
447 2851 632 2930 amplissimo
656 2862 686 2912 et
710 2850 837 2929 principi
861 2849 995 2924 civitatis,
1020 2859 1054 2910 ut
1075 2849 1125 2910 illa

119 2947 234 3010 diceres
258 2948 290 3009 in
312 2948 441 3009 maxima
463 2949 604 3010 contione
623 2960 743 3009 tuorum
762 2947 880 3021 civium,
904 2967 981 3025 quae
1003 2946 1124 3007 dixisti?

120 3045 251 3124 ‘Eripite
265 3066 321 3107 nos
338 3066 375 3106 ex
393 3046 526 3121 miseriis,
541 3046 646 3124 eripite
664 3067 701 3106 ex
717 3046 853 3107 saucibus
867 3065 979 3118 eorum,
994 3064 1122 3123 quorum

118 3143 278 3204 crudelitas
293 3144 354 3204 mii
373 3155 476 3205 nostro
498 3143 643 3221 sanguine
663 3162 726 3204 non
748 3154 848 3221 potest
870 3141 999 3221 expleri;
1028 3142 1122 3203 nolite

70 3260 104 3312 3⁰
117 3239 214 3301 sinere
234 3259 291 3301 nos
311 3240 452 3319 cuiquam
469 3240 585 3313 servire,
606 3239 663 3300 nisi
682 3239 768 3300 vobis
789 3239 941 3315 universis,
961 3239 1070 3318 quibus
1091 3250 1121 3300 et

115 3356 276 3415 possumus
296 3347 327 3399 et
347 3338 512 3399 debemus.’
553 3337 670 3399 Omitto
688 3337 829 3411 miserias,
847 3337 879 3398 in
898 3337 1015 3416 quibus,
1032 3349 1064 3398 ut
1078 3335 1121 3397 illi

115 3433 207 3507 aiunt,
223 3433 267 3494 vir
279 3434 363 3496 sortis
377 3455 442 3496 esse
456 3455 519 3496 non
537 3446 636 3513 potest
647 3456 657 3509 ;
677 3434 785 3495 omitto
799 3434 901 3508 faucis,
916 3456 953 3496 ex
966 3435 1076 3513 quibus
1089 3444 1120 3495 te

115 3529 189 3610 eripi
203 3531 256 3606 vis,
271 3552 311 3592 ne
331 3531 444 3594 iudicio
465 3531 570 3610 iniquo
590 3531 783 3593 exsorbeatur
803 3531 922 3610 sanguis
942 3543 1020 3605 tuus,
1036 3533 1119 3610 quod

234 3703 245 3737 r
264 3693 292 3736 et
302 3685 405 3738 Pearoe:
423 3692 468 3736 aut
479 3685 547 3738 codd.
648 3701 681 3748 ²9
698 3684 746 3734 nisi
759 3684 855 3735 addim
864 3684 1005 3735 Doederlein
