2648 4216
470 251 529 310 DE
550 249 756 311 ORATORE
801 250 816 309 1
1154 261 1196 323 84
1208 259 1254 322 158

126 417 261 496 -pera'ndi
287 414 488 501 [refellendi];
513 417 788 496 disputandumque
810 420 850 479 de
868 417 952 480 omni
969 439 1002 480 rc
1020 417 1052 478 in
1071 438 1141 479 con·

133 515 238 577 trarias
251 515 342 594 partis
356 528 395 591 et,
411 516 556 595 quicquid
572 516 627 577 erit
646 516 677 576 in
694 536 813 594 quaque
829 536 869 590 re,
885 518 969 595 quod
985 515 1140 594 probabile

133 613 230 675 videri
250 614 353 693 possit,
369 614 551 676 eliciendum
571 610 673 696 [atque
692 611 868 696 dicendum]
878 636 888 689 ;
907 613 1139 692 perdiscendum
1156 643 1203 696 159

134 709 182 771 ius
196 711 291 787 civile,
307 714 538 790 cognoscendae
550 715 639 789 leges,
651 711 843 790 percipienda
856 710 955 772 omnis
968 711 1138 790 antiquitas,

103 826 120 876 5
134 802 284 871 senatoria
297 812 495 884 consuetudo,
511 809 669 888 disciplina
681 809 723 870 rei
737 809 884 887 publicae,
900 808 964 870 iura
979 809 1137 884 sociorum,

133 908 265 982 foedera,
280 908 445 986 pactiones,
456 929 551 969 causa
567 907 673 986 imperi
692 908 902 985 cognoscenda
913 917 960 966 est
969 928 979 981 ,-
999 906 1139 968 libandus

134 1014 181 1063 est
208 1004 299 1065 etiam
321 1026 358 1066 ex
382 1004 465 1066 omni
489 1025 597 1083 genere
622 1003 796 1065 urbanitatis
817 1002 990 1063 facetiarum
1015 1003 1137 1081 quidam

134 1100 229 1178 lepoS,
244 1121 306 1179 quo
320 1114 474 1180 tamquam
488 1104 550 1163 sale
563 1112 768 1179 perspergatur
781 1099 880 1160 omnis
894 1099 996 1160 oratio
1037 1099 1139 1160 Effudi

127 1197 222 1258 'vobis
244 1198 347 1259 omnia
367 1219 446 1278 quae
467 1198 642 1272 sentiebam,
664 1218 742 1276 quae
762 1199 894 1270 fortasse,
917 1217 1139 1276 quemcumque

87 1312 120 1349 10
132 1295 376 1373 patremfamilias
392 1295 597 1374 adripuissetis
618 1315 655 1356 ex
674 1294 776 1373 aliquo
793 1293 913 1368 circulo,
929 1296 1036 1355 eadem
1052 1294 1138 1355 vobis

127 1391 380 1470 percontantibus
400 1391 621 1470 respondisset)

176 1490 263 1549 Haec
287 1509 357 1550 cum
380 1490 505 1551 Crassus
527 1488 658 1563 dixisset,
682 1489 831 1550 silentium
856 1500 901 1550 est
923 1500 1139 1563 consecutum3

126 1585 188 1645 ⁴sed
207 1605 390 1664 quamquam
409 1585 480 1646 satis
497 1584 549 1659 eis,
565 1585 617 1663 qni
633 1587 765 1659 aderant,
780 1587 820 1645 ad
837 1585 877 1658 id,
892 1587 976 1663 quod
995 1597 1056 1646 erat
1072 1605 1138 1663 pro

131 1681 274 1760 positum,
295 1683 409 1745 dictum
429 1683 594 1756 videbatur,
614 1694 717 1744 tamen
738 1682 906 1743 sentiebant
927 1682 1051 1743 celerius
1072 1702 1137 1743 esse

87 1801 116 1851 ¹5
132 1782 229 1842 multo
248 1801 340 1860 quam
359 1781 417 1860 ipsi
435 1784 546 1843 vellent
564 1782 604 1841 ab
623 1802 661 1842 eo
679 1792 856 1858 peroratum.
900 1783 979 1841 Tum
995 1782 1138 1841 Scaevola

134 1877 225 1956 ‘quid
247 1890 301 1953 est,
317 1881 446 1942 Cotta?'
467 1879 564 1957 inquit
586 1878 677 1957 ‘quid
694 1878 820 1939 tacetis?
861 1878 984 1939 Nihilne
1001 1878 1086 1939 vobis
1105 1878 1137 1938 in

132 1980 265 2037 mentem
283 1977 372 2051 venit,
389 1979 473 2056 quod
490 1989 642 2055 praeterea
658 1977 697 2036 ab
717 1978 826 2039 Crasso
843 1975 996 2054 requiratis
1007 1978 1037 2036 ?'
1080 1979 1137 2038 ‘Id
1154 1984 1194 2032 16·

131 2092 181 2133 me
196 2073 439 2152 hercule'inquit
454 2073 570 2152 ‘ipsum
585 2075 727 2134 attendo:
749 2084 849 2134 tantus
864 2072 944 2134 enirn
959 2093 1062 2135 cursus
1077 2094 1138 2135 ver·

131 2169 238 2230 borum
252 2171 307 2232 fuit
321 2183 351 2233 et
366 2171 408 2233 sic
422 2171 550 2232 evolavit
568 2169 671 2245 orati0,
687 2182 720 2231 ut
734 2170 798 2232 eius
812 2170 872 2231 vim
888 2182 917 2231 et
931 2169 1135 2232 incitationem

83 2289 116 2325 ao
130 2267 304 2345 aspexerim,
322 2268 445 2347 vestigia
466 2268 692 2346 ingressumque
713 2266 761 2328 vix
782 2265 915 2341 viderim,
934 2278 964 2328 et
982 2279 1135 2346 tamquam

129 2363 161 2424 in
183 2364 314 2442 aliquam
337 2367 519 2443 locupletem
543 2385 580 2426 ac
605 2366 741 2425 refertam
764 2365 890 2425 domum
912 2363 1053 2437 venerim,
1073 2385 1135 2425 non

129 2461 275 2538 explicata
298 2474 381 2523 veste
403 2482 502 2540 neque
525 2460 680 2540 proposito
705 2472 829 2539 argento
853 2481 952 2538 neque
976 2461 1084 2521 tabulis
1106 2471 1135 2521 et

129 2557 221 2635 signis
234 2561 389 2637 propalam
403 2558 576 2632 conlocatis,
593 2560 648 2619 sed
664 2558 711 2619 his
728 2557 869 2620 omnibus
886 2557 986 2619 multis
1004 2557 1135 2635 magnifi-

128 2655 231 2734 cisque
245 2657 334 2717 rebus
348 2656 525 2717 constructis
540 2677 576 2717 ac
591 2654 771 2730 reconditis3
791 2654 834 2716 sic
848 2656 941 2716 modo
955 2655 985 2715 in
1000 2654 1134 2716 oratione

81 2775 113 2826 ²5
128 2752 228 2813 Crassi
250 2752 368 2813 divitias
389 2764 481 2831 atque
503 2763 680 2813 ornamenta
702 2751 766 2813 eius
789 2750 889 2829 ingeni
910 2771 963 2829 per
985 2753 1132 2828 quaedam

123 2847 280 2910 *involucra
301 2862 392 2929 atque
415 2850 620 2928 integumenta
639 2849 783 2928 perspexi,
803 2850 857 2910 sed
879 2868 915 2909 ea
938 2847 1133 2925 contemplari

128 2966 198 3007 cum
219 2968 368 3025 cuperem,
388 2947 438 3009 vix
457 2947 622 3026 aspiciendi
637 2960 769 3027 potestas
792 2946 847 3007 fuit
857 2968 866 3021 3
882 2945 983 3023 itaque
996 2965 1053 3006 nec
1073 2947 1132 3007 hoc

126 3063 249 3121 possum
269 3043 376 3119 dicere,
392 3065 442 3106 me
461 3044 587 3106 omnino
606 3045 749 3122 ignorare,
766 3043 841 3124 quid
858 3042 1019 3122 possideat,
1034 3062 1133 3120 neque

125 3143 216 3218 plane
239 3163 328 3203 nosse
351 3154 442 3220 atque
464 3142 593 3204 vidisse!
644 3142 744 3220 ‘Quin
769 3153 801 3203 tu
828 3141 915 3219 igitur
936 3139 1008 3201 facis
1032 3139 1192 3214 idem,'162

80 3258 113 3308 30
126 3236 223 3316 inquit
237 3240 380 3300 Scaevola
392 3241 493 3318 ‘quod
507 3241 627 3313 faceres,
640 3237 665 3299 si
679 3239 711 3316 in
724 3237 855 3317 aliquam
872 3240 996 3299 domum
1010 3239 1130 3316 plenam

125 3347 369 3397 ornamentorum
386 3336 524 3398 villamve
543 3335 697 3397 venisses?
738 3335 770 3396 Si
787 3356 824 3396 ea
841 3336 979 3414 seposita,
996 3346 1028 3395 ut
1046 3332 1128 3408 dicis,

1162 1466 1201 1525 3⁵

1155 1543 1201 1591 160

157 3490 190 3539 M
201 3491 265 3541 =H
340 3504 351 3540 1
371 3491 507 3541 refellendi
524 3507 574 3541 om.
588 3489 646 3540 Hm
745 3505 761 3552 3
779 3488 932 3539 eliciendum
945 3489 1012 3538 Lm:
1031 3491 1129 3551 eligen-

124 3557 184 3605 dum
205 3554 238 3603 M
283 3564 360 3619 atque
372 3558 507 3607 dicendum
518 3558 602 3606 om.L
671 3558 702 3605 16
719 3557 784 3618 quid
793 3571 865 3606 ma:
882 3555 950 3618 quod
963 3554 1016 3602 HL
1029 3555 1130 3604 Nomas

124 3637 157 3684 ²9
173 3621 269 3671 vidisse
292 3639 366 3672 raca:
384 3624 410 3672 id
426 3623 521 3671 vidisse
540 3621 677 3671 Fn'edn'ch:
694 3620 864 3670 invidisset!
959 3635 989 3681 31
1011 3621 1129 3669 villamve

123 3688 190 3752 vulg.
206 3705 213 3738 ε
231 3689 316 3737 villam
327 3688 363 3751 H,
375 3689 428 3738 secl.
440 3688 559 3736 Fn'edn'ch
