2648 4216
75 257 184 334 soar·
424 257 467 316 M.
490 258 618 317 ‘rvmr
641 256 874 320 crcuaours

188 427 268 504 leges
280 425 440 505 imponere
449 424 530 486 visus
544 444 576 485 es
597 424 667 485 huic
685 425 784 498 aetati,
799 426 854 502 sed
873 436 975 486 tamen
995 426 1036 486 ad
1053 425 1094 499 id,
1110 426 1194 503 quod

129 542 174 596 25,-
189 523 321 600 cupiunt,
336 522 565 600 adipiscendum
579 541 681 600 ¹prope
702 522 900 584 necessarias„
934 525 1015 583 Nam
1033 534 1064 583 et
1078 522 1196 603 subitae

188 621 228 680 ad
235 619 404 697 propositas
416 639 520 680 causas
534 618 759 680 exercitationes
770 631 800 680 et
813 631 969 680 accuratae
983 639 1019 680 ac
1033 619 1197 688 meditatae

189 716 458 779 commentationes
480 736 518 777 ac
541 717 625 776 stilus
649 715 700 776 ille
723 727 801 788 tuus,
827 736 918 794 quem
946 727 979 776 tu
1002 736 1071 777 vere
1095 715 1195 776 dixisti

189 816 384 892 perfectorem
407 813 528 874 dicendi
547 833 612 875 esse
631 833 668 873 ac
689 812 871 890 magistrum,
886 812 973 873 multi
994 813 1111 874 sudoris
1132 825 1177 874 est
1186 832 1223 888 35

190 923 220 972 et
234 912 284 972 illa
298 910 439 973 orationis
460 931 533 972 suae
553 931 624 970 cum
646 910 762 988 scriptis
784 909 888 971 alienis
907 911 1092 989 comparatio
1106 922 1136 972 et
1156 913 1196 972 de

189 1009 288 1070 alieno
309 1008 419 1086 scripto
440 1008 539 1069 subita
558 1010 606 1069 vel
626 1008 770 1069 laudandi
788 1010 835 1068 vel
854 1008 1041 1087 vituperandi
1055 1011 1102 1070 vel
1117 1029 1197 1070 com·

190 1106 338 1184 probandi
364 1108 411 1168 vel
436 1105 590 1167 refellendi
617 1126 708 1166 causa
742 1105 904 1182 disputatio
939 1127 1002 1166 non
1036 1106 1196 1185 mediocris

139 1179 176 1237 ⁶¹
190 1203 391 1265 contentionis
404 1215 449 1264 est
463 1205 510 1264 vel
524 1204 564 1264 ad
581 1203 756 1264 memoriam
770 1205 817 1263 vel
830 1205 870 1265 ad
885 1203 1071 1264 imitandum.
1116 1205 1197 1265 Illud

129 1271 175 1334 ²⁵⁸
188 1316 259 1362 vero
273 1301 328 1362 luit
342 1300 490 1374 horribile,
506 1301 589 1378 quod
608 1320 657 1361 me
671 1302 791 1361 hercule
809 1320 912 1361 vereor
925 1321 964 1362 ne
979 1300 1121 1362 maiorem
1135 1301 1197 1362 vim
1212 1319 1243 1354 10

189 1400 229 1459 ad
252 1399 462 1459 detenendum
484 1396 621 1458 habuerit
635 1417 726 1474 quam
750 1397 790 1457 ad
812 1397 1049 1458 cohortandum:
1077 1396 1197 1469 voluisti

191 1495 272 1556 enirn
287 1495 318 1555 in
332 1515 389 1556 suo
401 1514 510 1573 genere
523 1514 618 1556 unum
632 1514 784 1572 quemque
798 1505 933 1554 nostrum
948 1494 1033 1572 quasi
1044 1483 1197 1573 quendam

192 1613 257 1654 esse
281 1592 426 1664 Roscium
436 1615 446 1667 ;
476 1592 635 1670 dixistique
659 1612 721 1653 non
746 1604 808 1652 tam
827 1612 871 1666 ea,
887 1613 965 1670 quae
985 1604 1066 1664 recta
1087 1604 1196 1666 essent,

192 1691 319 1768 probari,
335 1698 428 1769 quam
438 1711 518 1768 quae
536 1709 634 1768 prava,
649 1690 775 1751 fastidiis
792 1691 1023 1765 adhaerescere,
1043 1691 1127 1768 quod
1140 1710 1197 1768 ego

192 1809 254 1850 non
269 1801 331 1849 tam
348 1788 502 1849 fastidiose
523 1788 557 1848 in·
577 1787 665 1848 nobis
687 1808 779 1865 quam
801 1787 832 1848 in
855 1787 1048 1848 histrionibus
1061 1786 1198 1865 spectari
1213 1805 1243 1857 15

132 1908 178 1959 259
192 1898 267 1965 puto
276 1908 286 1960 ;
314 1886 415 1964 itaque
436 1905 492 1946 nos
516 1905 622 1947 raucos
643 1905 734 1963 saepe
754 1885 951 1947 attentissime
971 1885 1067 1952 audiri
1087 1886 1199 1960 video‘;

192 1982 275 2045 t'enet
295 1983 376 2044 enim
397 2003 444 2044 res
464 1983 529 2061 ipsa
548 1994 639 2061 atque
660 2003 750 2043 causa
759 2005 769 2057 ς
796 1994 827 2054 at
848 1985 1012 2060 Aesopum,
1028 1983 1054 2044 si
1074 1985 1198 2061 paulum

192 2081 354 2154 inrauserit,
365 2081 492 2158 explodi
535 2084 564 2140 A
578 2080 687 2159 quibus
702 2081 783 2141 enim
796 2081 872 2140 nihil
885 2092 1000 2159 praeter
1013 2083 1198 2160 voluptatem

191 2179 307 2240 aurium
328 2178 486 2257 quaeritur,
502 2179 536 2239 in
545 2179 606 2240 eis·
617 2180 786 2254 offenditur,
801 2180 890 2240 simul
908 2192 999 2258 atque
1013 2180 1199 2242 imminuitur

192 2276 306 2354 aliquid
327 2277 366 2337 de
386 2279 547 2354 voluptate,
563 2276 595 2337 in
612 2277 772 2356 ,eloquenti
791 2288 893 2339 autem
915 2279 1009 2339 multa
1029 2289 1104 2341 sunt·
1121 2298 1199 2355 quae
1213 2294 1245 2330 ²0

192 2385 333 2449 teneant;
353 2393 431 2452 quae
445 2373 470 2434 si
484 2374 586 2435 omnia
604 2394 722 2435 summa
736 2395 799 2436 non
813 2387 883 2436 sunt
897 2387 927 2436 et
941 2378 1083 2453 pleraque
1097 2386 1198 2436 tamen

194 2492 302 2549 magna
329 2483 406 2545 sunt,
435 2491 558 2533 necesse
585 2481 631 2532 est
662 2492 699 2533 ea
725 2471 798 2550 ipsa,
831 2493 908 2550 quae
942 2484 1020 2546 sunt,
1053 2471 1199 2533 mirabilia

171 2570 295 2631 uideri.
362 2597 388 2623 κ
682 2625 684 2627 ,
1072 2646 1074 2650 ¹

134 2674 182 2726 260
222 2711 224 2716 .
236 2670 324 2744 Ergo,
339 2678 373 2727 ut
385 2668 426 2728 ad
439 2667 568 2746 primum
582 2666 657 2728 illud
671 2677 806 2740 revertar,
821 2666 859 2727 sit
873 2677 972 2729 orator
985 2667 1073 2728 nobis
1087 2666 1121 2740 is,
1136 2666 1197 2744 qui,

195 2776 228 2826 ut
262 2767 387 2828 Crassus
421 2764 597 2843 descripsit,
617 2766 846 2826 accommodate
882 2765 923 2825 ad
957 2764 1199 2842 persuadendum
1215 2781 1244 2832 25

195 2862 289 2940 possit
303 2862 421 2936 dicere3
441 2861 466 2922 is
479 2872 582 2923 autem
601 2863 798 2925 concludatur
816 2861 847 2921 in
861 2881 905 2935 ea,
922 2882 999 2939 quae
1013 2873 1083 2922 sunt
1097 2861 1128 2921 in
1143 2881 1199 2921 usu

195 2959 347 3024 civitatum
381 2959 496 3036 vulgari
526 2979 563 3020 ac
594 2959 713 3033 forensi,
742 2959 924 3037 remotisque
951 2959 1056 3020 ceteris
1083 2957 1199 3031 studiis,

195 3056 330 3135 quamvis
351 3077 387 3116 ea
407 3056 467 3117 sint
490 3058 591 3135 ampla
610 3067 701 3134 atque
721 3059 879 3135 praeclara,
895 3056 926 3115 in
945 3057 1012 3117 hoc'
1023 3076 1085 3120 uno
1099 3074 1200 3133 opere,

195 3164 228 3215 ut
240 3153 283 3213 ‘ita
296 3152 404 3227 dicam,
421 3167 524 3215 noctes
539 3165 569 3215 et
582 3153 647 3215 dies
662 3165 817 3232 urgeatur;
837 3153 1028 3231 imiteturque
1042 3153 1135 3225 illurn,
1151 3151 1201 3218 cui

195 3250 260 3311 sine
287 3250 381 3311 dubio
409 3271 527 3312 summa
553 3251 598 3312 vis
626 3250 747 3312 dicendi
775 3251 958 3324 conceditur,
983 3249 1200 3326 Atheniensem
1215 3267 1246 3316 30

197 3350 442 3421 Demosthenem,
471 3349 503 3409 in
530 3368 592 3427 quo
619 3359 735 3409 tantum
763 3348 896 3413 studium
913 3347 1022 3412 ,fuisse
1041 3358 1201 3430 tantusque

196 3446 281 3531 labor
304 3445 420 3519 dicitur,
446 3458 478 3506 ut
494 3447 631 3523 ,primum
652 3445 872 3528 ¹impedimenta
898 3457 1021 3529 naturae
1049 3443 1202 3521 diligentia

196 3534 401 3621 industriaque
424 3543 584 3620 superaret,
610 3525 746 3620 cumque?
764 3541 805 3602 ita
832 3533 940 3607 b'a'lbus
967 3552 1054 3622 esset,
1069 3537 1201 3624 ‚irtsei'us

198 3639 290 3719 ipsius
303 3639 382 3713 artis,
397 3640 447 3700 cui
461 3640 601 3714 studeret,
616 3638 886 3718 primam-litteram
900 3657 962 3700 non
976 3649 1077 3716 posset
1092 3637 1200 3710 dicere,
