2648 4216
77 261 177 340 87:³5⁵
471 263 515 324 M.
527 264 667 333 mu
689 263 923 326 CICERONIS

53 387 58 470 i
191 427 348 492 videantur
382 427 565 490 inscribere?
602 430 710 508 Itaque
738 428 794 491 soli
829 428 881 507 qui
916 429 1061 492 memoria
1089 428 1200 509 vigent,

191 528 290 589 sciunt
317 526 391 605 quid
419 538 449 589 et
471 537 620 605 quatenus
642 538 673 589 et
697 547 760 605 quo
784 529 878 588 modo
900 527 1009 589 dicturi
1034 527 1101 603 sint,
1125 527 1202 605 quid

191 623 406 703 responderint,
422 623 496 703 quid
516 622 661 702 supersit:
682 622 843 702 eidemque
856 626 951 684 multa
970 644 1007 684 ex
1022 624 1088 684 aliis
1102 624 1202 684 causis

127 726 176 792 ³5⁶
189 720 353 798 aliquando
367 741 385 780 a
399 740 431 781 se
445 731 519 794 acta,
531 722 627 781 multa
639 721 680 781 ab
693 720 758 781 aliis
766 719 869 782 audita
877 720 1086 782 meminerunt.
1130 723 1203 797 Qua

190 836 222 879 re
242 819 388 878 confiteor
410 817 552 895 equidem
573 816 663 877 huius
683 817 757 879 boni
778 828 915 878 naturam
936 838 1002 879 esse
1023 817 1230 897 principem,5

190 912 266 973 sicut
286 933 388 974 earum
409 932 515 987 rerum,
532 915 571 973 de
591 913 702 991 quibus
722 926 793 976 ante
813 917 932 976 locutus
953 935 1028 989 sum,
1044 915 1202 990 omnium;

189 1013 243 1071 sed
268 1012 343 1071 haec
370 1031 417 1071 ars
440 1021 504 1071 tota
527 1009 659 1084 dicendi,
686 1010 749 1072 sive
770 1011 841 1072 artis
869 1011 968 1090 imago
991 1015 1142 1090 quaedam
1170 1023 1202 1073 et

188 1107 353 1170 similitudo
367 1120 420 1182 est,
436 1110 529 1170 babet
542 1111 620 1170 hanc
641 1109 710 1183 vim,
726 1130 789 1171 non
807 1120 840 1170 ut
859 1120 956 1171 totum
976 1111 1098 1189 aliquid,
1115 1111 1202 1172 cuius

190 1204 221 1264 in
224 1205 367 1290 ingeniis
388 1205 497 1266 nostris
518 1226 585 1285 pars
606 1207 689 1266 nulla
710 1206 755 1280 sit,
777 1207 872 1286 pariat
891 1219 921 1268 et
937 1220 1080 1286 procreet,
1096 1228 1202 1269 verum

190 1314 224 1363 ut
252 1324 295 1376 ea,
318 1324 396 1382 quae
422 1315 493 1365 sunt
516 1315 582 1364 orta
602 1304 662 1365 iam
687 1304 718 1364 in
741 1304 829 1366 nobis
852 1316 882 1366 et
906 1318 1068 1383 procreata,
1091 1308 1201 1368 educet
1217 1332 1248 1368 ro

128 1412 177 1467 357
191 1380 281 1479 atque
303 1403 478 1476 confirmet3
505 1421 609 1462 verum
637 1413 739 1463 tamen
763 1422 863 1480 neque
887 1413 949 1463 tam
973 1403 1034 1464 acri
1055 1404 1201 1465 memoria

190 1500 252 1561 sere
268 1499 428 1578 quisquam
445 1511 499 1573 est,
522 1511 563 1573 ut,
585 1520 648 1561 non
670 1499 822 1578 dispositis
844 1500 1015 1580 notatisque
1037 1503 1134 1576 rebus,
1155 1522 1201 1562 or·

189 1596 293 1658 dinem
317 1599 476 1659 verborum
504 1598 641 1659 omnium
662 1610 715 1658 aut
736 1598 951 1659 sententiarum
973 1602 1198 1679 complectatur,

191 1715 290 1772 neque
300 1715 371 1756 vero
385 1707 447 1756 tam
461 1695 571 1769 hebeti,
583 1707 616 1756 ut
630 1695 705 1756 nihil
719 1697 776 1757 hac
790 1695 1010 1757 consuetudine
1021 1708 1051 1757 et
1062 1697 1201 1758 exercita-

189 1793 272 1856 tione
285 1794 449 1855 adiuvetur.
492 1793 578 1856 Vidit
598 1794 679 1855 enim
694 1796 753 1855 hoc
772 1797 935 1873 prudenter
952 1795 1015 1857 sive
1029 1796 1201 1858 Simonides
1217 1820 1248 1868 15

188 1892 251 1954 sive
274 1892 350 1953 alius
373 1891 442 1970 quis
465 1891 589 1966 invenit,
614 1912 650 1952 ea
674 1891 803 1953 maxime
824 1892 932 1953 animis
955 1893 1054 1971 effingi
1081 1893 1199 1968 nostris,

189 2009 267 2068 quae
294 2000 395 2051 essent
421 2009 440 2050 a
467 2009 558 2050 sensu
582 1989 690 2050 tradita
710 2002 802 2068 atque
826 1989 988 2068 impressa3
1023 1990 1201 2052 acerrimum

188 2099 290 2148 autem
312 2108 349 2148 ex
372 2086 514 2148 omnibus
535 2087 644 2148 nostris
664 2087 802 2148 sensibus
824 2108 890 2149 esse
911 2109 1033 2150 sensum
1057 2088 1181 2150 videndi
1192 2111 1201 2165 3

189 2206 249 2264 qua
266 2206 297 2247 re
315 2184 455 2246 facillime
475 2184 578 2247 animo
597 2185 691 2246 teneri
708 2205 797 2264 posse
815 2206 859 2259 ea,
880 2205 959 2264 quae
979 2186 1201 2265 perciperentur

188 2283 309 2344 auribus
323 2294 375 2343 aut
391 2282 581 2362 cogitatione,
603 2282 629 2343 si
647 2282 738 2344 etiam
759 2283 1023 2344 commendatione
1044 2284 1201 2345 oculorum
1217 2309 1248 2343 υ

188 2380 296 2442 animis
323 2384 526 2455 traderentur;
560 2391 662 2441 utres
684 2401 789 2442 caecas
812 2391 843 2442 et
863 2381 903 2443 ab
925 2393 1064 2459 aspectus
1088 2379 1202 2442 iudicio

187 2489 317 2539 remotas
332 2477 529 2539 conformatio
543 2479 693 2556 quaedam
708 2489 738 2538 et
753 2477 851 2555 imago
865 2489 896 2538 et
910 2479 1004 2556 ligura
1018 2477 1059 2539 ita
1072 2489 1198 2552 notaret,

189 2587 222 2637 ut
246 2596 289 2650 ea,
314 2595 391 2653 quae
413 2574 575 2653 cogitando
596 2573 757 2652 complecti
783 2573 833 2634 vix
859 2594 1023 2651 possemus,
1053 2574 1202 2636 intuendo

128 2680 176 2744 358
190 2673 275 2751 quasi
290 2685 466 2733 teneremus.
511 2671 570 2731 His
584 2683 686 2732 autem
701 2671 803 2732 formis
817 2683 908 2750 atque
923 2672 1106 2750 corporibus,
1123 2672 1201 2734 sicut

190 2770 339 2843 omnibus,
355 2789 433 2848 quae
452 2767 508 2829 sub
525 2779 681 2846 aspectum
700 2768 832 2842 veniunt,
850 2765 1043 2849 [admonetur
1056 2770 1202 2832 memoria
1217 2797 1245 2845 ²5

188 2879 290 2929 nostra
311 2878 401 2945 atque
424 2865 567 2927 excitatur
576 2863 597 2947 3]
627 2867 699 2927 sede
721 2885 797 2943 opus
820 2877 873 2940 est,
896 2866 1008 2927 etenim
1029 2886 1137 2945 corpus
1159 2867 1202 2927 in·

188 2963 287 3042 tellegi
306 2963 371 3024 sine
389 2965 458 3025 loco
479 2982 541 3023 non
561 2973 668 3040 potest.
713 2964 783 3039 Qua
803 2983 835 3023 re
851 2982 891 3024 ne
904 2962 936 3022 in
958 2983 989 3024 re
1007 2975 1079 3023 nota
1093 2975 1123 3025 et
1136 2984 1201 3042 per-

188 3063 307 3138 vulgata
328 3063 440 3121 multus
461 3070 492 3121 et
512 3059 644 3121 insolens
665 3059 730 3134 sim,
753 3059 827 3121 locis
852 3072 897 3121 est
918 3061 1065 3121 utendum
1087 3061 1198 3137 multis,

188 3157 370 3232 inlustribus,
386 3156 546 3236 explicatis,
562 3157 689 3218 modicis
703 3156 862 3218 intervallis
875 3179 884 3232 ;
904 3156 1083 3235 imaginibus
1097 3170 1200 3221 autem

221 3312 286 3360 M=
292 3310 374 3360 ΑΕΗ
481 3313 549 3375 9s1t
560 3329 611 3362 om
628 3310 661 3361 Μ
758 3311 884 3376 parietM
975 3327 1004 3372 13
1022 3313 1135 3362 omnium
1153 3321 1199 3364 aut

189 3377 297 3443 Stangl:
315 3385 360 3427 aut
372 3379 503 3429 hommum
515 3386 559 3428 aut
577 3378 624 3428 M:
649 3376 733 3428 autL
837 3382 867 3428 16
883 3379 971 3440 effingi
984 3377 1029 3426 M:
1056 3379 1124 3440 affigi
1142 3395 1198 3429 rece

189 3461 223 3494 ao
239 3452 374 3494 commene
386 3443 572 3494 oculorumM
592 3460 649 3494 cum
662 3451 749 3494 mente
760 3460 821 3493 corr
835 3443 862 3492 E
951 3459 982 3492 ar
1001 3443 1086 3493 abL:
1103 3460 1153 3494 om.
1168 3443 1202 3494 M

189 3518 297 3573 aspectu
316 3509 360 3558 M:
387 3517 509 3572 aspectus
528 3511 619 3560 iudicis
641 3510 724 3573 vulg:
753 3511 850 3559 iudicio
871 3508 979 3572 Madvig
1003 3508 1072 3558 Ado.
1095 3510 1177 3559 Cn't.
1168 3512 1196 3562 ri.

192 3578 240 3625 186
316 3590 406 3625 caecas
418 3584 444 3625 et
455 3582 563 3637 aspectu
574 3583 687 3625 remotas
705 3575 825 3624 Fn'edn'dr
932 3589 965 3636 25
982 3574 1135 3623 admonetur
1146 3590 1199 3624 me·

190 3641 270 3691 moria
281 3648 369 3690 nostra
380 3648 458 3702 atque
471 3641 597 3689 excitatur
607 3641 667 3691 add.
678 3641 747 3704 vulg.
816 3642 849 3688 26
865 3641 911 3688 sed
923 3639 987 3689 locis
999 3655 1065 3702 opus
1076 3646 1116 3689 est
1127 3641 1195 3704 vulg.
