2648 4216
470 246 514 304 M.
537 245 666 305 TVLLI
689 243 924 307 CICERONIS

193 410 411 486 conficiuntur;
451 431 503 472 ex·
526 412 583 471 hac
618 412 694 470 haec
726 409 817 470 etiarn
853 411 951 471 soluta
978 409 1066 470 variis
1099 408 1203 470 modis

193 510 416 587 multorumque
443 527 587 586 generum
615 507 710 568 oratio
720 529 729 582 3
758 527 821 568 non
848 507 929 568 enim
959 519 1029 569 sunt
1058 506 1118 568 alia
1143 527 1204 568 ser·

193 606 300 681 monis,
325 605 383 666 alia
411 605 613 668 contentionis
635 607 733 680 verba,
759 626 859 684 neque
883 626 920 668 ex
943 605 1003 667 alio
1024 626 1134 684 genere
1161 608 1203 668 ad

193 722 279 763 usum
301 702 495 777 cotidianum,
511 703 571 765 alio
589 704 629 763 ad
646 723 786 765 scaenam
805 723 1010 783 pompamque
1023 715 1185 765 sumuntur
1193 726 1203 779 ;

191 802 246 861 sed
260 820 296 861 ea
310 820 450 862 nuscum
470 800 598 862 iacentia
614 800 789 862 sustulimus
810 820 827 862 e
847 799 957 875 medio,
973 799 1050 862 sicut
1065 800 1231 871 mollissi5

191 916 272 956 marn
291 917 391 959 ceram
412 901 452 960 ad
477 909 613 961 nostrum
635 897 790 959 arbitrium
813 900 976 959 formamus
997 909 1028 959 et
1048 898 1200 976 fingimus.

192 995 299 1073 Itaque
308 1005 344 1055 ut
352 1008 416 1056 turn
427 1016 530 1075 graves
541 1016 654 1069 sumus,
667 1007 733 1055 turn
744 995 877 1070 subtiles,
888 1006 952 1056 tum
965 994 1098 1057 medium
1114 995 1203 1072 quid-

190 1094 261 1153 dam
283 1104 438 1154 tenemus:
460 1092 504 1153 sic
524 1092 691 1153 institutam
712 1103 845 1154 nostram
864 1092 1044 1154 sententiam
1064 1093 1202 1171 sequitur

190 1189 332 1251 orationis
360 1210 454 1269 genus
483 1189 575 1268 idque
599 1192 639 1250 ad
662 1210 785 1251 omnem
813 1189 930 1250 aurium
957 1192 1142 1269 voluptatem
1168 1201 1200 1251 et

130 1300 177 1364 178
190 1286 359 1347 animorum
380 1298 496 1348 motum
515 1298 647 1347 mutatur
662 1297 693 1347 et
706 1286 836 1348 vertitur.
879 1288 941 1348 Sed
954 1298 989 1348 ut
1002 1285 1034 1346 in
1047 1286 1200 1366 plerisque
1216 1312 1247 1347 10

190 1385 279 1445 rebus
304 1383 517 1446 incredibiliter
545 1386 604 1445 hoc
631 1396 737 1444 natura
764 1395 809 1445 est
833 1384 899 1462 ipsa
925 1383 1076 1458 fabricata,
1102 1384 1200 1445 sicin

190 1481 332 1554 oratione,
349 1492 383 1542 ut
397 1502 440 1555 ea,
456 1502 535 1560 quae
549 1481 709 1542 maximam
729 1481 886 1542 utilitatem
906 1481 938 1542 in
952 1501 985 1542 se
999 1481 1198 1557 continerent,

189 1577 352 1656 plurimum
377 1581 484 1640 eadem
509 1579 655 1640 haberent
677 1581 724 1639 vel
746 1578 898 1656 dignitatis
922 1580 970 1638 vel
995 1598 1084 1658 saepe
1106 1578 1200 1639 etiam

188 1675 359 1737 venustatis.
405 1675 625 1737 Incolumitatis
639 1696 675 1736 ac
689 1675 791 1735 salutis
806 1675 943 1736 omniurn
957 1695 1049 1736 causa
1057 1675 1199 1736 videmus

187 1775 269 1834 hunc
283 1785 394 1834 statum
408 1793 474 1834 esse
493 1772 582 1833 huius
599 1772 691 1834 totius
712 1771 818 1834 mundi
838 1783 929 1850 atque
948 1783 1080 1846 naturae,
1095 1784 1198 1834 rotun·
1213 1799 1244 1850 15

187 1870 262 1931 dum
277 1880 310 1930 ut
324 1873 440 1931 caelum
451 1881 586 1948 terraque
605 1881 639 1930 ut
660 1869 760 1930 media
773 1869 812 1929 sit
830 1889 926 1947 eaque
943 1889 998 1930 sua
1015 1868 1045 1929 vi
1059 1881 1198 1949 nutuque

187 1978 331 2041 teneatur,
348 1971 393 2030 sol
407 1979 440 2029 ut
459 1989 526 2030 eam
545 1968 658 2030 circum
678 1970 796 2041 feratur,
814 1979 848 2027 ut
867 1969 993 2029 accedat
1006 1969 1046 2029 ad
1060 1967 1198 2030 brumale

188 2064 306 2143 signum
331 2078 361 2127 et
382 2066 454 2127 inde
479 2065 590 2127 sensim
614 2068 758 2127 ascendat
778 2065 810 2125 in
831 2065 980 2126 diversam
1000 2076 1115 2144 partem
1126 2082 1135 2139 3
1163 2078 1198 2127 ut

187 2165 260 2224 luna
273 2184 395 2225 accessu
406 2175 437 2225 et
445 2184 563 2225 recessu
579 2160 659 2246 [suo]
675 2162 746 2224 solis
760 2165 864 2224 lumen
877 2162 1023 2241 accipiat3
1043 2175 1077 2223 ut
1087 2166 1197 2225 eadem

187 2260 283 2339 spatia
310 2261 444 2339 quinque
468 2263 571 2322 stellae
598 2260 709 2338 dispari
737 2271 833 2321 motu
850 2279 999 2337 cursuque
1022 2259 1195 2322 conficiant
1212 2283 1245 2320 ιο

126 2374 174 2428 179
188 2361 276 2420 Haec
297 2369 410 2419 tantam
432 2360 545 2420 habent
561 2359 631 2432 vim,
654 2360 778 2437 paulurn
799 2369 832 2419 ut
856 2357 1015 2419 immutata
1035 2359 1197 2420 cohaerere

186 2475 249 2517 non
276 2455 400 2535 possint,
430 2467 544 2517 tantam
572 2455 835 2535 pulchritudinem,
856 2466 890 2516 ut
912 2457 996 2516 nulla
1019 2455 1134 2534 species
1156 2476 1196 2518 ne

186 2552 308 2631 cogitari
323 2553 446 2631 quidem
467 2553 562 2632 possit
583 2553 721 2615 ornatior.
766 2555 888 2615 Referte
902 2573 984 2615 nunc
998 2552 1134 2614 animum
1155 2556 1196 2616 ad

186 2649 344 2711 hominum
375 2653 423 2711 vel
455 2651 545 2712 etiam
582 2664 747 2712 ceterarum
776 2650 975 2712 animantium
1008 2653 1135 2711 formam
1164 2663 1195 2712 et

185 2749 318 2825 figuram.
366 2749 489 2808 Nullam
510 2759 625 2826 partem
647 2747 781 2827 corporis
803 2748 868 2809 sine
892 2748 994 2827 aliqua
1014 2747 1194 2810 necessitate
1210 2774 1241 2825 ²5

184 2845 326 2905 adfictam
345 2855 499 2923 totamque
521 2848 647 2906 formam
663 2845 747 2924 quasi
765 2846 927 2924 perlectam
948 2844 1099 2924 reperietis
1120 2857 1192 2919 arte,

127 2949 172 3022 46
184 2960 248 3002 non
261 2961 340 3002 casu.
385 2940 468 3017 Quid
489 2941 520 3002 in
542 2942 585 3004 eis
604 2942 784 3004 arboribus?
803 2941 836 3002 in
850 2942 960 3020 quibus
974 2963 1037 3004 non
1059 2954 1191 3016 truncus,

185 3056 247 3097 non
270 3037 352 3112 rami,
368 3058 430 3099 non
445 3039 516 3100 lolia
530 3050 599 3100 sunt
613 3039 745 3117 denique
759 3038 816 3099 nisi
835 3041 875 3100 ad
896 3059 991 3100 suam,
1003 3038 1193 3102 retinendam

216 3192 280 3240 M=
292 3192 375 3241 ΑΕΗ
476 3211 487 3243 1
506 3195 571 3244 haec
583 3212 633 3246 om
649 3193 682 3242 M
755 3194 954 3257 ggeuereffl.
971 3197 1111 3258 generaM
1175 3201 1194 3248 6

184 3273 269 3307 ceram
281 3274 330 3308 om
347 3258 380 3306 M
469 3260 620 3309 formamH
716 3267 805 3310 etam.
816 3258 849 3307 M
954 3262 1086 3323 qutadd.
1095 3260 1194 3314 Schuta

183 3323 350 3384 gravissimus
361 3324 394 3371 M
500 3327 604 3388 suptilis
615 3326 648 3374 M
718 3341 736 3388 9
752 3326 784 3374 ad
796 3341 899 3374 ornnem
911 3327 1039 3376 rationem
1052 3335 1077 3376 et
1088 3329 1192 3380 aurium

183 3386 287 3451 Lauda.
390 3405 421 3438 ιο
437 3397 526 3439 utatur
543 3408 577 3440 ex
593 3390 626 3439 M
746 3405 775 3451 17
792 3389 832 3439 sol
849 3392 882 3440 ad
900 3407 955 3440 eam
973 3392 1127 3442 circumM·
1150 3396 1191 3444 sol

183 3460 212 3502 ut
229 3455 322 3503 circum
340 3452 363 3501 L
381 3456 447 3518 vulg.
596 3456 705 3585 aluo}
721 3453 775 3504 ΑΕ
867 3471 915 3505 suo
931 3472 982 3506 om.
1001 3455 1035 3505 M
1127 3474 1190 3508 con·

182 3533 214 3581 sp
216 3519 274 3569 iciat
293 3518 326 3567 M
424 3522 583 3572 assuetam
722 3520 881 3571 :adlectum
900 3519 933 3568 M
1034 3536 1066 3583 27
1084 3522 1124 3572 eis
1141 3522 1192 3575 M.

182 3582 276 3634 hisL:
270 3601 343 3635 ·.om
357 3585 424 3650 vulg.
