2648 4216
457 272 516 335 ns
537 262 744 335 oRAToxu
785 271 801 332 1
923 256 925 261 ’
1142 257 1249 330 orno

123 435 254 521 perfecit
268 441 452 515 meditando,
467 452 501 502 ut
514 459 605 501 nemo
619 439 737 517 planius
751 420 816 500 csse
832 440 950 499 locutus
964 427 1137 528 putaretur3

130 539 243 601 deinde
256 554 325 600 cum
340 538 459 617 spiritus
473 537 537 599 eius
551 548 629 598 esset
646 536 807 614 angustior,
822 548 939 597 tantum
955 535 1137 596 continenda
1151 540 1196 593 261

129 630 238 698 anima
250 636 281 697 in
302 636 433 698 dicendo
454 647 499 697 est
518 636 688 707 adsecutus,
703 644 737 695 ut
756 640 816 694 una
835 632 1059 694 continuatione
1076 651 1137 692 ver-

131 735 248 808 borum,
263 733 296 794 id
309 734 393 811 quod
407 733 471 794 eius
485 733 593 810 scripta
607 733 767 805 declarant,
783 731 872 792 binae
886 731 914 791 ei
929 729 1136 792 contentiones

99 849 114 900 5
130 831 212 892 vocis
227 832 257 892 'et
270 830 459 892 remissiones
473 830 696 892 continerentur
704 851 714 903 3
734 829 786 907 qui
807 828 905 911 etiam,
921 839 954 888 ut
975 826 1137 907 memoriae

129 928 283 1006 proditum
305 940 359 1003 est,
374 928 517 990 coniectis
539 927 570 988 in
593 947 627 989 os
649 927 780 1000 calculis,
803 918 920 987 summa
941 946 1015 987 voce
1035 944 1137 986 versus

130 1028 242 1088 multos
256 1046 318 1088 uno
332 1026 436 1104 spiritu
449 1025 642 1103 pronuntiare
660 1024 895 1098 consuescebat3
916 1042 1015 1102 neque
1028 1022 1053 1083 is
1068 1033 1136 1082 con'2

130 1123 238 1185 sistens
258 1123 290 1184 in
313 1125 391 1208 loco,
413 1125 467 1185 sed
490 1122 680 1184 inambulans
703 1133 794 1200 atque
818 1141 944 1182 ascensu
968 1120 1137 1200 ingrediens

129 1221 234 1282 arduo.
278 1220 374 1282 Hisce
394 1240 451 1298 ego
471 1219 737 1291 cohortationibus,
762 1220 877 1291 Crasse,
893 1218 933 1278 ad
953 1219 1085 1278 studium
1107 1229 1137 1278 et
1152 1223 1197 1272 262

84 1337 118 1374 ιο
130 1319 172 1378 ad
185 1317 319 1379 laborem
333 1317 501 1379 incitandos
516 1317 631 1379 iuvenis
641 1318 833 1378 vehementer
847 1315 1016 1390 adsentior,
1030 1328 1136 1389 cetera,

131 1436 210 1494 quae
224 1415 379 1494 conlegisti
393 1435 430 1476 ex
442 1415 530 1476 variis
543 1426 574 1476 et
587 1414 711 1476 diversis
726 1413 832 1474 studiis
846 1424 876 1474 et
887 1413 1007 1486 artibus,
1020 1411 1138 1474 tametsi

131 1512 196 1590 ipse
210 1533 242 1573 es
256 1513 358 1574 omnia
371 1524 559 1585 consecutus,
575 1523 676 1573 tamen
697 1512 737 1572 ab
758 1511 881 1571 oratoris
899 1511 1019 1589 proprio
1038 1512 1138 1573 officio

130 1621 223 1687 atque
236 1629 359 1671 munere
373 1609 507 1670 seiuncta
520 1630 586 1670 esse
599 1609 742 1670 arbitror.’

174 1709 262 1768 Haec
285 1727 355 1768 cum
383 1707 534 1768 Antonius
561 1707 692 1780 dixisset,
722 1727 793 1768 sane
822 1707 958 1768 dubitare
984 1707 1064 1768 visus
1093 1718 1137 1769 est
1150 1706 1192 1764 62

86 1825 116 1878 ¹⁵
132 1803 282 1880 Sulpicius
295 1814 326 1864 et
340 1806 438 1876 Cotta,
454 1803 548 1864 utrius
570 1803 665 1864 oratio
687 1804 809 1882 propius
831 1805 871 1865 ad
888 1803 1041 1865 veritatem
1058 1804 1138 1867 vide-

131 1912 212 1961 retur
231 1903 382 1962 accedere.
425 1904 506 1962 Tum
528 1903 653 1964 Crassus
669 1901 853 1980 ‘operarium
873 1902 960 1962 nobis
974 1904 1135 1980 quendam,
1151 1911 1199 1976 ²⁶3

133 1997 255 2072 Antoni,
271 2009 418 2060 oratorem
433 1997 505 2059 facis
520 2010 610 2077 atque
625 2000 707 2059 haud
728 1999 791 2060 scio
809 2018 849 2059 an
871 1999 955 2060 aliter
977 2000 1086 2061 sentias
1107 2010 1137 2062 et

132 2107 216 2156 utare
230 2105 281 2155 tua
295 2095 345 2155 illa
358 2095 482 2157 mirifica
495 2096 536 2156 ad
553 2097 748 2157 refellendum
768 2096 994 2170 consuetudine,
1010 2118 1069 2175 qua
1083 2097 1138 2159 tibi

133 2211 223 2254 nemo
247 2213 392 2270 umquam
415 2193 560 2272 praestitit
572 2215 581 2268 3
611 2193 696 2254 cuius
721 2193 843 2272 quidem
871 2193 964 2271 ipsius
991 2195 1139 2257 facultatis

88 2309 119 2344 πο
133 2289 304 2351 exercitatio
318 2304 468 2353 oratorum
483 2291 602 2370 propria
617 2303 670 2364 est,
686 2292 740 2351 sed
760 2291 819 2351 iam
841 2291 872 2350 in
890 2291 1138 2369 philosophorum

132 2387 351 2449 consuetudine
371 2401 503 2450 versatur
526 2389 715 2467 maximeque
737 2408 850 2461 eorum,
866 2388 917 2466 qui
937 2389 975 2449 de
999 2389 1083 2472 omni
1107 2410 1139 2450 re

131 2485 285 2563 proposita
309 2485 340 2546 in
364 2497 521 2565 utramque
545 2499 659 2565 partem
682 2487 779 2546 solent
804 2485 1008 2562 copiosissime
1029 2486 1135 2547 dicere.

132 2584 246 2645 Verum
260 2603 316 2661 ego
330 2604 393 2645 non
407 2586 505 2645 solum
518 2585 690 2657 arbitrabar,
700 2583 746 2644 his
757 2582 928 2661 praesertim
937 2582 1137 2658 audientibus,
1153 2588 1202 2653 ²⁶4

132 2701 214 2743 ame
228 2682 379 2743 informari
393 2694 538 2760 oportere,
554 2682 650 2760 qualis
669 2701 735 2742 esse
753 2693 855 2758 posset
873 2680 906 2753 is,
923 2681 974 2758 qui
993 2681 1139 2741 habitaret

88 2805 118 2856 ²5
134 2778 165 2839 in
180 2779 327 2841 subselliis
344 2801 443 2858 neque
466 2781 627 2858 quiequam
646 2779 775 2857 amplius
794 2779 929 2852 adferret,
945 2798 1036 2856 quam
1055 2781 1139 2856 quod

133 2897 290 2938 causarum
312 2878 474 2939 necessitas
497 2881 669 2957 postularet,
692 2879 747 2938 sed
771 2876 867 2937 maius
892 2875 1035 2954 quiddam
1060 2875 1140 2936 vide·

134 2974 215 3047 bam,
243 2994 313 3035 cum
341 2976 502 3036 censebam
530 2987 687 3049 oratorem,
716 2974 888 3052 praesertim
917 2973 947 3032 in
975 2984 1076 3034 nostra
1107 2993 1139 3033 re

132 3071 263 3150 publica,
292 3072 401 3133 nullius
429 3074 595 3134 ornamenti
624 3085 774 3151 expertem
803 3092 868 3132 esse
903 3082 1046 3148 oportere.
1090 3073 1139 3130 Tu

132 3181 243 3243 autem,
269 3170 412 3248 quoniam
431 3170 543 3248 exiguis
564 3171 745 3248 quibusdam
766 3169 876 3230 finibus
897 3179 994 3228 totum
1016 3167 1139 3228 oratoris

86 3291 122 3343 30
133 3287 243 3328 munus
265 3266 495 3341 circumdedisti,
516 3270 575 3328 hoc
597 3268 712 3329 facilius
734 3267 822 3328 nobis
845 3285 976 3344 expones
998 3285 1041 3338 ea,
1062 3286 1139 3343 quae
1203 3251 1207 3258 ’

132 3364 188 3424 abs
206 3375 237 3425 te
257 3365 297 3426 de
318 3364 423 3426 officiis
441 3366 668 3444 praeceptisque
686 3365 810 3426 oratoris
829 3363 964 3442 quaesita
977 3375 1046 3423 sunt
1056 3385 1065 3437 3
1085 3364 1139 3424 sed

133 3461 241 3540 opinor
267 3464 435 3523 secuudum
462 3463 544 3523 hunc
571 3463 652 3525 diem
662 3485 672 3536 3
700 3462 770 3523 satis
793 3462 873 3522 enirn
895 3464 989 3521 multa
1012 3459 1138 3520 anobis

132 3558 225 3621 hodie
248 3559 329 3621 dicta
351 3569 428 3620 sunt
473 3562 563 3620 Nunc
584 3572 613 3620 et
636 3562 787 3632 Scaevola,
809 3558 953 3637 quoniam
974 3558 1005 3617 in
1026 3559 1053 3616 T
1055 3577 1139 3617 uscu-
1153 3577 1199 3636 265

132 3658 235 3718 lanum
247 3655 289 3717 ire
299 3656 461 3728 constituit,
472 3658 594 3733 paulum
605 3657 779 3734 requiescet,
790 3658 863 3717 dum
874 3675 906 3716 se
917 3657 997 3717 calor
1007 3658 1121 3733 frangat
1130 3678 1140 3730 3
