2648 4216
82 247 182 324 32334
473 252 518 311 M.
540 250 670 311 TVLLI
693 249 925 312 CICERONIS

194 436 316 480 omnem
330 416 391 479 vim
405 416 548 479 orationis
561 428 592 478 et
605 415 779 495 gravitatem
793 413 1026 493 varietatemque
1038 414 1199 478 desiderat

195 515 275 593 Ergo
289 514 321 574 in
340 515 497 576 suadendo
514 513 588 574 nihil
607 524 653 574 est
672 511 833 590 optabilius
851 531 943 590 quam
960 511 1088 591 dignitas
1098 535 1107 588 3
1128 533 1201 574 nam

194 611 246 690 qui
261 611 419 672 utilitatem
432 611 519 690 petit,
532 630 595 671 non
610 610 684 689 quid
699 609 828 670 maxime
841 608 912 669 velit
929 629 1040 682 suasor,
1057 611 1111 670 sed
1125 609 1201 688 quid

193 707 344 770 interdurn
369 707 463 787 magis
484 718 635 785 sequatur,
658 705 748 766 videt.
803 707 904 767 Nemo
932 717 978 767 est
1004 705 1094 778 enim,
1118 724 1203 784 prae·

194 805 295 866 sertim
311 805 342 865 in
356 817 417 866 tam
432 807 511 866 clara
524 803 651 877 civitate,
668 803 742 881 quin
756 814 842 881 putet
856 804 1056 882 expetendam
1070 802 1202 863 maxime
1216 820 1230 871 5

193 901 378 981 dignitatem,
400 904 455 964 sed
475 901 568 963 vincit
588 901 699 962 utilitas
723 903 908 978 plerumque,
932 920 1001 960 curn
1025 900 1129 961 subest
1150 899 1201 961 ille

193 998 283 1061 timor
306 1019 342 1060 ea
369 1002 505 1079 neglecta
533 1019 572 1060 ne
599 997 775 1078 dignitatem
803 996 927 1076 quidem
954 1016 1043 1075 posse
1070 996 1199 1058 retineri.

132 1110 183 1164 335
195 1096 405 1159 Controversia
427 1108 530 1158 autern
554 1107 600 1157 est
622 1095 699 1156 inter
722 1093 880 1156 hominum
905 1094 1068 1155 sententias
1090 1105 1143 1154 aut
1167 1093 1200 1154 in

194 1192 254 1268 illo,
271 1205 370 1254 utrum
384 1193 422 1254 sit
436 1193 557 1268 utilius3
576 1204 628 1254 aut
642 1191 741 1266 etiam,
757 1211 828 1252 curn
844 1192 876 1252 id
895 1191 1044 1265 convenit,
1060 1202 1198 1264 certatur,

193 1302 293 1352 utrum
311 1291 461 1353 honestati
481 1290 581 1371 potius
601 1311 641 1351 an
662 1289 782 1351 utilitati
802 1290 1023 1352 consulendum
1043 1288 1099 1364 sit3
1119 1308 1199 1367 quae
1214 1309 1246 1345 10

192 1387 264 1466 quia
273 1409 406 1468 pugnare
416 1388 494 1450 inter
503 1409 536 1450 se
547 1409 637 1467 saepe
651 1387 798 1461 videntur,
809 1385 861 1465 qui
875 1385 1033 1448 utilitatem
1045 1387 1196 1461 desendet,

192 1485 380 1547 enumerabit
401 1487 564 1547 commoda
583 1485 674 1564 pacis,
693 1505 795 1563 opum,
816 1483 978 1563 potentiae,
997 1483 1196 1562 vectigalium,

192 1582 321 1660 praesidi
342 1582 480 1657 militum,
505 1595 672 1645 ceterarum
692 1602 799 1654 rerum,
824 1601 950 1661 quarum
972 1583 1101 1643 fructum
1122 1581 1199 1642 utili·

192 1689 254 1740 tate
275 1680 422 1754 metimur,
444 1680 578 1758 itemque
600 1679 796 1742 incommoda
819 1678 1035 1740 contrariorum
1047 1700 1057 1753 3
1084 1677 1137 1757 qui
1156 1679 1198 1739 ad

192 1775 368 1855 dignitatem
391 1776 525 1855 impellit,
541 1776 689 1837 maiorum
706 1777 851 1854 exempla,
868 1795 945 1853 quae
964 1787 1048 1836 erant
1061 1777 1109 1836 vel
1126 1796 1245 1848 cum15

191 1873 326 1951 periculo
345 1874 482 1953 gloriosa,
503 1874 641 1952 conliget,
663 1873 844 1952 posteritatis
865 1873 1065 1935 immortalem
1085 1894 1199 1936 memo·

192 1970 266 2030 riam
280 1970 409 2049 augebit,
425 1970 584 2032 utilitatem
598 1992 635 2032 ex
648 1970 840 2032 laudenasci
858 1973 1001 2033 defendet
1020 1992 1198 2051 semperque

134 2077 178 2139 336
192 2088 259 2128 earn
274 2089 343 2129 cum
357 2068 502 2147 dignitate
516 2089 583 2131 esse
601 2069 804 2132 coniunctam.
847 2071 908 2131 Sed
926 2070 1000 2148 quid
1019 2070 1082 2132 fieri
1102 2070 1197 2149 possit

191 2178 243 2227 aut
267 2187 329 2227 non
353 2167 448 2246 possit
469 2167 604 2246 quidque
625 2168 716 2230 etiam
736 2169 775 2231 sit
795 2188 919 2230 necesse
938 2180 991 2229 aut
1011 2189 1074 2229 non
1095 2168 1142 2242 sit,
1164 2168 1197 2229 in

192 2277 316 2342 utraque
335 2286 367 2326 re
384 2265 513 2328 maxime
532 2278 578 2327 est
594 2268 820 2345 quaerendum;
840 2265 981 2327 inciditur
998 2266 1080 2327 enim
1096 2267 1196 2327 omnis
1211 2287 1245 2323 ιο

193 2359 277 2443 [iarn]
293 2362 476 2437 deliberatio,
493 2363 519 2424 si
534 2363 714 2442 intellegitur
730 2385 794 2425 non
811 2383 901 2441 posse
914 2363 978 2424 fieri
991 2375 1043 2424 aut
1057 2363 1082 2424 si
1096 2384 1197 2426 neces

191 2459 262 2520 sitas
275 2462 426 2537 adfertur,
446 2473 477 2522 et
490 2461 545 2542 qui
557 2461 590 2523 id
603 2462 708 2523 docuit
721 2482 784 2522 non
795 2461 966 2523 videntibus
980 2459 1054 2534 aliis,
1069 2461 1094 2521 is
1109 2461 1197 2539 pluri-

132 2570 178 2622 337
191 2577 275 2617 mum
295 2558 379 2620 vidit
424 2561 476 2620 Ad
501 2560 660 2621 consilium
683 2572 785 2621 autem
806 2561 846 2620 de
867 2558 1040 2637 republica
1060 2561 1196 2620 dandum

191 2667 281 2734 caput
295 2668 341 2717 est
354 2678 445 2719 nosse
458 2678 521 2719 rem
538 2658 711 2736 publicam,
730 2660 771 2719 ad
787 2657 951 2719 dicendum
968 2677 1039 2717 vero
1057 2658 1196 2735 probabi-

191 2752 256 2812 liter
269 2774 359 2815 nosse
373 2775 470 2815 mores
490 2754 624 2828 civitatis,
641 2754 693 2833 qui
710 2755 781 2832 quia
800 2756 905 2815 crebro
923 2765 1083 2827 mutantur,
1098 2775 1194 2833 genus
1209 2774 1241 2826 ²⁵

190 2870 312 2928 quoque
331 2852 473 2913 orationis
492 2863 537 2913 est
556 2872 646 2930 saepe
663 2854 842 2913 mutandum
852 2874 861 2927 ;
882 2863 913 2912 et
931 2871 1115 2929 quamquam
1133 2872 1195 2913 una

190 2948 252 3008 fere
273 2947 317 3008 vis
344 2961 390 3009 est
417 2948 615 3027 eloquentiae,
639 2961 741 3010 tamen
763 2948 834 3026 quia
858 2969 976 3009 summa
999 2948 1128 3027 dignitas
1150 2962 1196 3011 est

190 3044 303 3123 populi,
324 3047 495 3124 gravissima
515 3067 606 3108 causa
626 3047 669 3108 rei
689 3046 837 3126 publicae,
859 3047 979 3108 maximi
1000 3059 1101 3108 motus
1121 3051 1197 3108 mul·

191 3141 334 3216 titudinis,
356 3164 451 3222 genus
473 3164 595 3223 quoque
619 3144 742 3206 dicendi
764 3145 905 3224 grandius
928 3145 1082 3223 quoddam
1102 3156 1132 3206 et
1153 3145 1197 3206 in·

224 3297 257 3346 M
266 3322 287 3340 =
299 3297 384 3347 ΑΕΗ
446 3317 462 3362 3
479 3300 619 3363 putantL:
637 3309 711 3364 putat
722 3318 778 3352 mc.
846 3316 862 3362 5
879 3309 931 3350 tam
943 3300 1037 3352 om‚M
1100 3318 1195 3365 expec-

191 3363 338 3414 tandamM
400 3368 488 3428 9quid
501 3368 636 3416 conveniat
648 3365 681 3415 Μ
746 3383 773 3417 ιι
787 3369 944 3429 aequitatem
956 3367 989 3414 M
1061 3383 1091 3416 12
1103 3375 1194 3430 poten-

190 3431 240 3479 tiae
252 3429 492 3494 pecuniaeLong.
561 3447 591 3492 ¹3
610 3433 732 3481 utilitates
744 3432 789 3482 del
804 3431 939 3481 Manutius
1012 3448 1042 3494 14
1060 3434 1196 3482 metiamur

190 3495 234 3542 H:
252 3496 371 3543 metimus
385 3494 417 3541 H
426 3513 508 3561 marg.
522 3496 569 3560 Αγ
580 3512 613 3558 32
715 3512 744 3558 15
762 3497 876 3561 impellet
893 3496 996 3561 Lvulg.
1102 3514 1132 3559 19
1149 3507 1195 3548 aut

190 3561 399 3674 nonpdossitom.
414 3559 447 3608 Μ
543 3578 574 3611 21
594 3565 706 3612 iamom.
722 3561 756 3610 M
841 3578 874 3626 ²3
891 3560 1005 3612 ridetM
1101 3578 1133 3625 25
1150 3565 1196 3627 qui

189 3640 239 3676 om.
