2648 4216
444 240 502 300 DE
524 239 731 302 ORATORE
774 239 807 300 II

122 408 332 470 ludendumne
345 429 391 470 an·
405 409 445 470 ad
466 409 662 487 pugnandum
680 427 763 468 arma
776 405 836 468 sint
853 405 1017 485 sumpturi;
1046 404 1128 467 aliud

123 505 205 567 enim
213 525 315 584 pugna
323 517 354 567 et
363 504 452 579 acies,
464 504 547 566 aliud
555 506 645 566 ludus
659 523 844 583 campusque
853 515 954 565 noster
964 503 1114 565 desiderat
1118 525 1132 578 ;-

123 624 159 665 ac
173 615 275 666 tamen
285 624 333 664 ars
340 603 407 682 ipsa
415 603 529 664 ludicra
541 623 693 664 armorum
707 614 738 664 et
751 600 906 680 gladiatori
920 613 950 663 et
964 601 1049 662 militi
1063 621 1129 681 pro

124 704 192 763 dest
207 701 341 780 aliquidt
368 703 423 763 sed
441 701 561 762 animus
579 721 649 763 acer
667 711 698 762 et
716 719 856 779 praesens
875 711 905 760 et
923 711 1028 760 acutus
1047 698 1134 760 idem*

93 817 108 868 5
124 812 216 879 atque
228 812 364 862 versutus
378 799 505 862 invictos
519 799 598 860 viros
614 798 705 860 efficit
723 795 797 880 [non
812 796 960 858 difficilius
978 808 1040 858 arte
1060 817 1131 857 con·

124 895 247 980 iuncta].
291 899 362 975 Qua
383 919 415 960 re
436 918 493 976 ego
515 896 570 958 tibi
594 909 742 958 oratorem
771 895 814 956 sic
838 895 898 955 iam
920 894 1081 967 instituam,
1105 893 1131 954 si
1144 907 1175 969 85

124 1006 259 1073 potuero,
270 1007 303 1056 ut
311 994 386 1074 quid
394 996 510 1057 efficere
524 994 619 1073 possit
628 1006 699 1054 ante
709 991 905 1072 perspiciam:
922 992 959 1053 sit
968 991 1049 1053 enim
1058 990 1132 1052 mihi

125 1092 236 1154 tinctus
252 1092 375 1168 litteris;
401 1092 529 1154 audierit
549 1091 671 1171 aliquid,
692 1091 804 1169 legerit,
820 1091 877 1151 ista
894 1090 958 1168 ipsa
974 1101 1133 1168 praecepta

125 1190 273 1268 acceperit
283 1212 293 1266 3
320 1191 475 1268 temptabo
495 1188 570 1267 quid
588 1191 703 1263 deceat,
723 1188 798 1267 quid
816 1208 899 1263 voce,
920 1187 994 1266 quid
1012 1187 1132 1261 viribus,

80 1307 111 1342 ιο
125 1287 199 1366 quid
214 1287 326 1367 spiritu,
340 1287 415 1366 quid
426 1287 528 1366 lingua
541 1288 658 1349 efficere
672 1286 774 1365 possit
818 1286 849 1348 Si
863 1286 1033 1364 intellegam
1044 1306 1134 1364 posse

60 1394 63 1398 '
124 1387 165 1447 ad
178 1406 314 1447 summos
327 1385 490 1465 pervenire,
504 1405 568 1445 non
585 1387 684 1446 solum
702 1385 854 1456 hortabor,
870 1395 904 1444 ut
923 1385 1063 1457 elaboret,
1079 1385 1134 1445 sed

125 1483 225 1557 etiam,
241 1482 267 1544 si
280 1481 324 1542 vir
342 1503 464 1561 quoque
477 1482 577 1543 bonus
594 1481 668 1542 mihi
687 1481 837 1543 videbitur
858 1501 931 1554 esse,
947 1481 1135 1555 obsecrabo;

126 1592 243 1642 tantum
260 1600 318 1659 ego
334 1578 366 1640 in
384 1579 542 1642 excellenti
558 1591 676 1640 oratore
694 1590 726 1640 et
741 1580 851 1640 eodem
867 1579 949 1639 bono
969 1578 1033 1638 viro
1052 1598 1135 1656 pono

126 1699 193 1740 esse
206 1676 375 1739 ornamenti
388 1676 543 1739 universae
561 1677 673 1738 civitati
685 1699 695 1751 3
714 1676 762 1738 sin
775 1676 933 1750 videbitur,
948 1697 1017 1738 cum
1033 1675 1136 1736 omnia

81 1795 111 1846 15
126 1797 245 1838 summe
252 1775 363 1850 fecerit,
373 1786 474 1837 tamen
482 1777 522 1836 ad
531 1774 690 1836 mediocris
699 1787 830 1836 oratores
839 1794 904 1836 esse
912 1785 1061 1847 venturus,
1072 1794 1136 1852 per-

127 1873 244 1934 mittam
258 1873 315 1952 ipsi
328 1873 402 1953 quid
416 1873 487 1936 velit
495 1894 505 1948 3
525 1876 670 1935 molestus
684 1894 794 1952 magno
808 1893 898 1952 opere
916 1892 979 1934 non
997 1892 1067 1947 ero;
1087 1871 1134 1932 sin

127 1973 217 2051 plane
236 1970 409 2032 abhorrebit
430 1982 461 2032 et
480 1970 536 2031 erit
558 1971 715 2046 absurdus,
738 1983 772 2031 ut
794 1991 826 2031 se
846 1970 999 2032 contineat
1020 1981 1073 2031 aut
1093 1971 1134 2031 ad

127 2068 210 2129 aliud
224 2068 357 2129 studium
372 2071 535 2142 transferat,
547 2070 721 2130 admonebo
732 2091 742 2144 ;
761 2088 833 2129 nam
847 2082 946 2147 neque
963 2068 995 2143 is,
1009 2067 1061 2147 qui
1082 2088 1134 2146 op
1146 2071 1180 2124 86

128 2165 202 2227 time
215 2177 323 2245 potest,
338 2168 522 2228 deserendus
535 2168 599 2227 ullo
612 2168 706 2227 modo
720 2176 765 2227 est
782 2186 801 2226 a
814 2165 1020 2227 cohortatione
1033 2176 1136 2226 nostra

84 2287 117 2322 ιο
130 2278 230 2342 neque
251 2263 285 2338 is,
308 2263 362 2341 qui
383 2263 498 2342 aliquid
522 2274 631 2343 potest,
655 2265 869 2325 deterrendus:
904 2265 987 2342 quod
1008 2265 1135 2324 alterum

130 2361 294 2422 divinitatis
314 2360 390 2422 mihi
405 2361 563 2422 cuiusdam
582 2361 708 2434 videtur,
730 2363 865 2435 alterum,
888 2363 935 2421 vel
954 2380 1018 2444 non
1039 2364 1136 2422 facere

130 2460 215 2536 quod
228 2479 291 2519 non
305 2459 419 2537 optime
433 2458 538 2537 possis,
548 2460 596 2519 vel
611 2461 708 2520 lacere
722 2459 806 2536 quod
820 2478 884 2518 non
897 2457 1026 2537 pessime
1034 2457 1133 2532 iacias,

131 2556 333 2629 humanitatis,
349 2555 469 2617 tertium
483 2577 555 2618 vero
568 2555 652 2629 illud,
663 2558 792 2617 clamare
806 2568 910 2617 contra
924 2575 1016 2633 quam
1030 2557 1136 2617 deceat

131 2664 162 2714 et
185 2673 276 2732 quam
304 2653 406 2732 possit,
435 2653 567 2714 hominis
589 2664 643 2727 est,
667 2664 701 2713 ut
728 2664 769 2726 tu,
794 2655 910 2726 Catule,
938 2653 978 2714 de
1002 2654 1135 2730 quodam

86 2770 116 2820 25
131 2753 292 2813 clamatore
305 2751 413 2825 dixisti,
428 2750 569 2812 stultitiae
584 2771 656 2812 suae
675 2772 766 2830 quam
780 2750 924 2829 plurimos
937 2749 1020 2810 testis
1034 2752 1136 2812 dome·

131 2849 206 2910 stico
220 2849 381 2927 praeconio
394 2848 579 2927 conligentis
624 2851 672 2911 De
691 2851 750 2910 hoc
767 2848 861 2926 igitur,
878 2847 929 2926 qui
944 2847 998 2908 erit
1011 2847 1086 2922 talis,
1102 2860 1136 2910 ut
1149 2859 1182 2923 87

131 2949 334 3009 cohortandus
346 2946 594 3025 adiuvandusque
609 2946 654 3021 sit,
670 2946 712 3007 ita
725 2949 890 3025 loquamur,
901 2956 934 3006 ut
943 2945 970 3006 ei
984 2947 1135 3006 tradamus

132 3065 168 3107 ea
181 3048 343 3119 dumtaxat,
355 3064 433 3122 quae
447 3064 504 3105 nos
518 3065 590 3105 usus
611 3044 724 3119 docuit,
740 3056 773 3105 ut
791 3044 880 3105 nobis
894 3042 1023 3104 ducibus
1037 3043 1136 3105 veniat

131 3162 177 3217 eo,
193 3163 256 3221 quo
269 3141 333 3203 sine
347 3144 425 3204 duce
440 3141 497 3220 ipsi
517 3141 716 3220 pervenimus,
733 3142 876 3220 quoniam
891 3141 1014 3202 meliora
1027 3143 1136 3204 docere

87 3263 118 3311 30
131 3261 194 3302 non
208 3260 375 3320 possumus,
419 3243 520 3319 Atque
535 3252 600 3301 uta
620 3239 756 3301 familiari
775 3252 884 3311 nostro¹
896 3238 1038 3313 exordiar,
1054 3241 1136 3299 hunc

131 3359 196 3417 ego,
220 3340 336 3412 Catule,
366 3325 530 3416 Sulpicium
558 3338 688 3416 primum
713 3337 744 3397 in
773 3357 862 3398 causa
889 3338 1011 3416 parvula
1036 3338 1137 3397 adule-

1149 3211 1184 3254 21

1149 3289 1181 3336 88

165 3494 197 3543 M
207 3518 229 3537 a
240 3494 325 3544 AEH
398 3509 413 3556 5
432 3456 483 3544 non
496 3531 502 3544 .
517 3531 523 3544 .
539 3531 545 3544 .
560 3495 696 3543 coniuncta
713 3493 775 3543 delet
790 3491 890 3541 Ellendt
991 3505 1020 3553 15
1037 3506 1138 3541 summa

131 3561 197 3625 vulgo
266 3569 382 3610 oratores
394 3577 423 3610 se
435 3561 476 3611 A:
495 3569 649 3610 oratoresse
660 3559 715 3607 HE
812 3573 845 3620 25
862 3558 1005 3609 stultitiae.
1021 3592 1027 3606 .
1041 3592 1048 3606 .
1062 3557 1137 3606 testis

132 3642 181 3675 om.
195 3625 228 3675 M
275 3627 431 3676 domesticos
443 3625 475 3673 M
571 3641 603 3688 27
621 3626 655 3674 sit
665 3641 716 3674 om.
731 3624 763 3672 M
