2648 4216
444 267 502 326 DE
524 266 731 329 ORATORE
774 267 826 326 111
1150 275 1247 367 ,μιᾳ

131 456 168 498 ex
190 455 251 514 quo
273 453 382 514 genere
402 435 478 496 haec
498 445 577 509 sunt,
601 437 731 496 Martem
752 434 822 496 belli
844 455 909 497 esse
934 454 1135 509 communem,

132 535 272 596 Cererem
292 552 346 611 pro
367 531 507 610 frugibus,
524 531 667 594 Libemm
687 534 836 610 appellare
855 552 910 611 pro
928 531 1007 606 vino,
1024 534 1138 610 Neptu-

131 651 205 692 num
227 650 282 708 pro
307 629 389 703 mari,
411 628 525 690 curiam
546 649 601 707 pro
621 640 738 703 senatu,
758 648 900 709 campum
922 648 977 708 pro
997 627 1134 701 comitiis,

131 740 231 806 togam
246 748 301 807 pro
314 747 397 807 pace,
413 747 496 787 arma
509 747 545 786 ac
560 728 619 787 tela
632 746 687 804 pro
701 727 800 801 bello;
821 746 882 804 quo
896 725 969 788 item
983 725 1014 787 in
1028 746 1136 804 genere
1153 732 1198 783 168

101 840 115 888 5
130 836 160 886 et
174 825 296 886 virtutes
310 836 341 887 et
355 825 426 885 vitia
443 845 497 903 pro
511 824 592 903 ipsis,
608 824 640 885 in
654 825 764 902 quibus
778 823 829 885 illa
842 835 920 898 sunt,
931 826 1136 904 appellantur:

131 921 277 982 ‘luxuries
299 941 390 998 quam
412 920 443 981 in
464 923 590 983 domum
611 919 741 999 inmpit‚’
755 931 785 981 et
808 925 886 998 ‘quo
906 919 1028 981 avaritia
1047 941 1137 1001 pene·

129 1017 215 1078 travit
224 1020 250 1092 '3
270 1030 322 1077 aut
336 1019 430 1079 ‘fides
444 1016 545 1091 valuit,
561 1016 671 1077 iustitia
685 1015 833 1078 confecit’
870 1016 988 1078 Videtis
1001 1019 1136 1098 prolecto

128 1133 223 1192 genus
251 1117 310 1176 hoc
338 1125 443 1188 totum,
474 1134 543 1175 cum
572 1114 682 1176 inflexo
716 1113 936 1193 immutatoque
963 1116 1055 1177 verbo
1089 1137 1135 1178 res

128 1214 236 1273 eadem
260 1211 431 1273 enuntiatur
458 1211 608 1287 omatius;
643 1211 692 1273 cui
719 1223 789 1273 sunt
813 1212 939 1273 finitima
963 1211 1012 1273 illa
1036 1212 1136 1274 minus

83 1324 115 1362 10
128 1321 241 1384 ornata,
264 1311 318 1370 sed
340 1321 442 1370 tamen
466 1329 529 1370 non
553 1308 728 1388 ignoranda,
749 1328 819 1370 cum
844 1308 974 1388 intellegi
997 1312 1135 1372 volumus

127 1407 242 1486 aliquid
263 1418 315 1468 aut
335 1428 372 1468 ex
392 1418 475 1487 parte
497 1418 602 1481 totum,
623 1417 656 1467 ut
676 1427 731 1485 pro
752 1406 896 1468 aedificiis
916 1427 986 1469 cum
1007 1407 1134 1487 parietes

127 1516 179 1566 aut
207 1517 287 1567 tecta
314 1504 443 1566 dicimus
454 1527 463 1580 ;
496 1516 548 1566 aut
575 1525 612 1566 ex
640 1516 705 1567 toto
732 1517 856 1584 partem.
882 1515 916 1566 ut
944 1525 1014 1566 cum
1042 1526 1134 1566 unam

127 1614 257 1663 turmam
281 1602 447 1682 equitatum
471 1601 575 1681 populi
601 1601 734 1663 Romani
757 1600 906 1677 dicimus3
936 1613 987 1663 aut
1012 1623 1049 1663 ex
1072 1623 1134 1664 uno

126 1701 239 1779 pluris:

82 1814 112 1865 15
208 1810 239 1860 at
261 1802 417 1862 Romanus
438 1801 540 1873 homo,
562 1797 720 1860 tamenetsi
741 1817 788 1860 res
808 1798 887 1859 bene
907 1810 990 1876 gesta
1010 1808 1055 1859 est

207 1899 300 1958 corde
320 1917 375 1958 suo
397 1896 524 1976 trepidat
533 1916 543 1971 ;

125 2005 177 2055 aut
191 2015 260 2055 cum
276 2015 313 2055 ex
326 1993 460 2074 pluribus
475 1993 654 2073 intellegitur
668 2013 781 2054 unum:

207 2112 264 2153 nos
284 2113 388 2154 sumus
410 2091 553 2167 Romani,
573 2091 625 2171 qui
647 2090 758 2152 fuimus
778 2102 849 2153 ante
871 2078 985 2153 Rudini
996 2113 1005 2166 ;

125 2201 178 2250 aut
202 2209 395 2269 quocumque
418 2190 520 2263 modo,
545 2210 607 2250 non
632 2201 665 2249 ut
689 2188 880 2263 dictumest,
906 2188 936 2249 in
962 2210 999 2250 eo
1023 2210 1131 2268 genere

82 2307 114 2344 ro
126 2287 312 2367 intellegitur,
342 2290 396 2349 sed
424 2298 457 2347 ut
485 2307 607 2348 sensum
634 2297 687 2348 est
731 2286 893 2347 Abutimur
919 2307 1010 2366 saepe
1040 2287 1130 2349 etiam
1143 2261 1185 2323 43

125 2385 218 2445 verbo
232 2405 295 2447 non
309 2396 370 2446 tam
385 2387 535 2464 eleganter
549 2404 639 2463 quam
657 2383 689 2443 in
703 2385 916 2459 transferendo,
933 2384 1090 2446 sedetiam
1105 2384 1130 2445 si
1147 2339 1194 2405 ¹⁶⁹

123 2483 270 2557 licentius,
283 2494 384 2544 tamen
394 2482 545 2545 interdum
560 2503 623 2545 non
634 2481 842 2560 impudenter;
863 2494 895 2543 ut
906 2502 975 2543 cum
986 2485 1128 2562 grandem

123 2579 290 2641 orationem
304 2600 359 2659 pro
378 2582 475 2659 longa,
491 2579 641 2641 minutum
660 2578 796 2639 animum
814 2599 869 2658 pro
886 2599 977 2658 parvo
991 2579 1145 2641 dicimus

123 2680 236 2738 Verum
258 2677 309 2738 illa
322 2675 469 2738 videtisne
488 2697 554 2738 esse
572 2697 636 2737 non
649 2675 742 2751 verbi,
757 2678 811 2738 sed
832 2675 981 2749 orationis,
999 2697 1076 2754 quae
1093 2698 1130 2737 ex

79 2797 109 2846 ²5
124 2774 267 2853 pluribus,
294 2785 327 2833 ut
355 2770 490 2852 exposui,
512 2772 755 2834 translationibus
780 2792 893 2833 conexa
920 2776 1013 2833 sunt?
1053 2775 1128 2834 haec

122 2883 234 2946 autem,
248 2891 325 2949 quae
345 2880 396 2931 aut
415 2869 572 2931 immutata
593 2890 658 2932 esse
677 2868 739 2931 dixi
757 2880 809 2931 aut
828 2869 912 2931 aliter
928 2869 1128 2948 intellegenda

121 2989 157 3029 ac
182 2968 361 3043 dicerentur,
386 2979 456 3028 sunt
484 2970 624 3028 translata
648 2969 781 3046 quodam
809 2970 910 3029 modo
956 2970 1003 3028 lta
1027 2970 1068 3042 fit,
1095 2980 1127 3029 ut
1144 2990 1191 3046 ¹70

122 3065 221 3127 omnis
235 3064 419 3143 singulorum
433 3065 592 3126 verborum
606 3064 698 3124 virtus
712 3075 804 3143 atque
822 3067 886 3125 laus
900 3064 994 3126 tribus
1009 3064 1128 3126 exsistat

122 3183 159 3224 ex
177 3163 285 3224 rebus:
307 3161 332 3222 si
350 3173 402 3222 aut
416 3173 565 3223 vetustum
580 3162 705 3222 verbum
723 3161 770 3236 sit,
785 3165 867 3240 quod
885 3174 985 3224 tamen
1005 3183 1129 3224 consue

77 3284 110 3333 30
122 3262 198 3321 tudo
211 3261 285 3320 ferre
304 3259 416 3337 possit3
437 3270 488 3319 aut
502 3260 615 3318 facturn
628 3260 676 3319 vel
694 3258 908 3321 coniunctione
920 3262 968 3321 vel
985 3260 1124 3336 novitate,

121 3356 153 3417 in
172 3378 234 3436 quo
254 3357 326 3417 item
348 3366 392 3416 est
412 3355 534 3416 auribus
556 3356 827 3434 consuetudinique
847 3359 1051 3436 parcendum3
1074 3371 1125 3418 aut

153 3503 186 3552 M
195 3528 216 3550 =
229 3503 314 3553 AEH
409 3518 424 3565 5
441 3505 523 3553 virtus
535 3501 566 3550 M
631 3503 683 3552 vita
695 3502 738 3551 Me
816 3506 832 3552 8
848 3505 928 3554 verbo
939 3520 991 3554 om.
1005 3503 1037 3552 M
1108 3521 1126 3566 9

120 3572 160 3621 cui
173 3586 206 3632 32
216 3570 284 3633 vulg.
297 3586 303 3617 ι
320 3585 371 3631 quo
383 3567 424 3618 Με
437 3587 444 3619 :
472 3585 529 3618 curn
539 3567 563 3616 L
666 3584 696 3630 13
714 3570 828 3630 equitum
840 3568 876 3618 Le
986 3572 1017 3618 18
1035 3571 1126 3618 luimus

119 3635 187 3685 codd.
200 3653 206 3684 :
224 3635 334 3683 iuvimus
345 3632 489 3683 Lambinus
573 3648 606 3695 23
624 3649 672 3696 pro
683 3650 777 3696 magna
788 3632 812 3682 L
823 3636 891 3698 vulg.
971 3651 1003 3698 24
1020 3635 1091 3684 Vera
1101 3635 1125 3685 L

120 3717 177 3751 cum
190 3717 224 3749 ex
235 3699 292 3748 Am
391 3713 423 3760 as
441 3700 514 3762 posui
526 3700 558 3748 H
1013 3765 1059 3814 15*
