2648 4216
96 246 200 319 56214
492 247 536 306 Μ.
558 245 688 305 TVLLI
710 245 944 307 CICERONIS

213 423 310 474 totum
324 424 466 488 oratores,
481 412 533 491 qui
547 423 618 474 sunt
631 411 761 474 veritatis
775 411 868 492 ipsius
881 423 1005 486 actores,
1017 412 1222 493 reliquerunt·;

213 509 375 572 imitatores
405 522 507 572 autem
535 509 674 584 veritatis,
703 509 872 584 histriones,
899 522 1130 589 occupaverunt
1173 515 1222 574 Ac

213 607 277 669 sine
297 607 391 669 dubio
408 607 440 668 in
459 607 543 669 omni
565 607 703 669 revincit
721 606 920 669 imitationem
935 607 1050 682 veritas,
1067 610 1121 670 sed
1140 629 1177 670 ea
1195 609 1222 670 si

212 704 283 765 satis
304 704 336 765 in
356 704 475 766 actione
497 706 626 766 efficeret
647 704 712 783 ipsa
736 724 789 783 per
812 724 887 778 sese,
910 715 974 766 arte
997 708 1133 784 profecto
1156 727 1220 768 non

211 821 365 880 egeremus
376 825 384 876 3
411 822 515 863 verum
536 801 606 880 quia
626 801 720 862 animi
740 801 896 881 permotio,
920 821 998 879 quae
1019 802 1148 864 maxime
1167 815 1247 872 aut5

211 900 391 959 declaranda
405 911 457 959 aut
470 898 616 960 imitanda
629 909 675 960 est
685 898 811 972 actione,
824 899 996 976 perturbata
1009 918 1098 979 saepe
1112 899 1154 960 ita
1164 911 1220 976 est,

212 1006 246 1054 ut
267 996 442 1056 obscuretur
459 1015 496 1056 ac
512 1015 609 1074 paene
624 995 773 1069 obruatur,
790 993 980 1056 discutienda
997 1007 1068 1056 sunt
1081 1016 1128 1072 ea,
1141 1017 1220 1075 quae

213 1091 384 1165 obscurant,
399 1104 429 1152 et
443 1113 487 1166 ea,
500 1112 578 1170 quae
593 1103 663 1152 sunt
677 1090 840 1153 eminentia
854 1103 885 1153 et
898 1103 1047 1171 prompta,
1061 1096 1216 1156 sumenda

149 1197 199 1248 216
212 1188 321 1249 Omnis
341 1188 423 1250 enim
444 1201 544 1250 motus
564 1187 658 1249 animi
679 1208 767 1248 suum
788 1189 941 1266 quendam
962 1208 981 1248 a
1001 1199 1106 1249 natura
1126 1191 1219 1252 habet

211 1288 327 1346 vultum
347 1298 378 1347 et
398 1306 506 1347 sonum
529 1296 559 1346 et
579 1296 716 1364 gestum3
736 1306 905 1365 corpusque
922 1297 1019 1347 totum
1038 1285 1169 1348 hominis
1188 1301 1264 1350 etro

210 1382 274 1444 eius
295 1383 393 1445 omnis
407 1385 506 1444 vultus
528 1404 694 1463 omnesque
713 1403 810 1456 voces,
829 1395 864 1445 ut
884 1383 966 1445 nervi
986 1383 1018 1445 in
1039 1384 1158 1460 fidibus,
1178 1386 1220 1448 ita

210 1491 326 1554 sonant,
343 1491 376 1540 ut
395 1501 414 1541 a
435 1493 520 1542 motu
537 1481 631 1543 animi
649 1502 771 1561 quoque
790 1494 860 1544 sunt
878 1485 990 1562 pulsae.
1033 1485 1113 1544 Nam
1127 1505 1219 1555 voces

209 1589 243 1638 ut
256 1579 387 1639 chordae
402 1589 471 1639 sunt
490 1579 633 1655 intentae,
647 1601 725 1659 quae
743 1582 783 1642 ad
797 1601 950 1660 quemque
966 1592 1079 1643 tactum
1098 1603 1221 1662 respon·

209 1677 307 1751 deant,
328 1688 418 1737 acuta
437 1676 541 1755 gravis,
562 1678 622 1740 cita
642 1682 736 1754 tarda,
755 1700 864 1757 magna
883 1699 993 1758 parva3
1019 1700 1094 1759 quas
1114 1692 1219 1743 tamen

209 1773 287 1836 inter
313 1774 411 1836 omnis
439 1787 485 1837 est
513 1797 569 1839 suo
593 1798 715 1857 quoque
743 1779 774 1839 in
798 1798 908 1856 genere
935 1777 1104 1853 mediocris,
1123 1790 1219 1858 atque
1235 1796 1264 1846 ¹⁵

209 1872 300 1933 etiam
320 1871 371 1933 iila
391 1884 461 1934 sunt
480 1874 521 1934 ab
538 1874 585 1935 his
602 1878 725 1954 delapsa
745 1879 830 1954 plura
849 1896 968 1955 genera,
982 1878 1048 1937 leve
1067 1896 1217 1955 asperum,

209 1981 396 2032 contractum
417 1970 567 2046 diffusum,
585 1973 751 2034 continenti
772 1972 875 2053 spiritu
896 1972 1076 2049 intermisso,
1089 1974 1220 2035 fractum

148 2085 196 2137 217
210 2067 346 2142 scissum,
361 2070 438 2129 flexo
453 2088 530 2130 sono
545 2081 738 2132 extenuatum
756 2069 913 2145 infletum3
932 2072 1049 2132 nullum
1070 2079 1117 2131 est
1134 2071 1220 2132 enirn

210 2166 318 2226 horum
338 2185 492 2243 generum,
511 2169 595 2246 quod
616 2188 679 2229 non
698 2178 761 2228 arte
780 2188 817 2229 ac
837 2167 1044 2230 moderatione
1064 2177 1218 2231 tractetur.

211 2260 255 2323 Hi
278 2273 348 2323 sunt
368 2263 470 2337 actori,
493 2275 526 2325 ut
547 2264 662 2343 pictori,
683 2263 810 2344 expositi
832 2265 872 2326 ad
892 2265 1067 2326 variandum
1089 2266 1217 2328 colores.
1234 2291 1266 2327 ιο

154 2360 194 2435 58
210 2358 302 2420 Aliud
323 2358 404 2420 enim
425 2360 508 2423 vocis
528 2365 623 2439 genus
644 2361 799 2424 iracundia
819 2360 877 2423 sibi
897 2373 1003 2436 sumat,
1022 2372 1158 2438 acutum,
1174 2361 1221 2424 in·

208 2455 341 2530 citatum,
358 2458 464 2519 crebro
478 2458 633 2521 incidens:

248 2553 331 2633 ipsus
352 2557 487 2618 hortatur
507 2577 556 2618 me
576 2559 674 2633 frater,
694 2568 728 2618 ut
748 2577 833 2620 meos
853 2555 940 2619 malis
964 2555 1054 2619 miser

250 2657 423 2716 mandarem
445 2667 531 2717 natos
553 2702 561 2716 .
583 2702 590 2717 .
613 2702 621 2716 .
643 2703 650 2717 .

208 2761 239 2812 et
252 2772 295 2825 ea,
311 2772 389 2830 quae
403 2763 435 2813 tu
450 2754 575 2826 dudum,
590 2752 714 2828 Antoni,
730 2751 878 2832 protulisti

249 2868 402 2926 segregare
421 2850 476 2910 abs
497 2859 527 2910 te
547 2852 645 2910 ausu’s
666 2895 674 2910 .
696 2895 703 2911 .
727 2894 735 2910 .
757 2895 765 2911 .

208 2955 239 3006 et
626 2953 628 2959 ’

250 3042 353 3122 ecquis
374 3045 433 3104 hoc
453 3042 693 3105 animadvortet?
720 3042 859 3106 vincite.
882 3089 890 3106 .
913 3089 921 3107 .

150 561 198 612 ²15

242 3195 402 3246 MaAEH
485 3215 497 3248 1
517 3198 628 3248 oratoris
638 3195 725 3249 H¹A=
742 3197 903 3249 orationisE
966 3199 1119 3262 9aom.M
1185 3219 1217 3253 ro

207 3262 447 3325 et(pn'us)om.M
509 3272 537 3314 et
549 3264 606 3313 eius
616 3265 702 3313 omnis
712 3263 808 3314 om.M
873 3281 903 3315 ra
920 3282 996 3316 aom.
1012 3265 1045 3314 M
1109 3271 1141 3316 16
1157 3268 1216 3318 leve

208 3327 294 3378 codd:
311 3328 370 3377 lene
382 3329 449 3393 vulg.
562 3345 591 3390 ¹7
609 3329 714 3391 spiritui
734 3328 828 3379 H¹AE
915 3335 917 3339 ’
937 3332 1093 3381 intermissio
1112 3331 1168 3381 ΑΕ
1183 3350 1216 3395 3²

211 3408 242 3455 19
258 3393 349 3442 horum
360 3394 481 3443 similium
493 3410 517 3456 g.
530 3393 553 3441 L
566 3396 632 3459 vulg.
732 3410 762 3444 21
782 3402 865 3445 sumat
877 3396 919 3447 M:
938 3397 1016 3446 sumit
1026 3398 1093 3460 vulga
1174 3415 1216 3448 ac·

209 3468 263 3508 turn
275 3459 327 3521 My,
444 3476 476 3522 23
496 3461 570 3522 Ipsus
581 3461 614 3524 lg.
631 3463 680 3523 69:
700 3461 781 3524 ipsius
793 3460 837 3509 M:
855 3463 910 3521 ipse
923 3460 964 3508 L:
982 3462 1076 3523 impius
1091 3463 1129 3510 loe
1143 3466 1214 3528 vulg.

207 3540 240 3585 24
258 3525 406 3574 mandarem
421 3527 465 3574 ‘ex
472 3525 540 3576 codd.
554 3529 673 3587 quamvis
677 3529 766 3589 paucis
774 3527 822 3590 [Io]
835 3525 998 3588 recipiendum
1002 3527 1063 3588 snit.
1088 3527 1126 3588 Οἵ
1139 3527 1211 3579 Tusc.

208 3589 280 3652 Disp.
305 3590 338 3640 iv.
362 3593 402 3652 36.
428 3605 473 3653 77:
503 3590 598 3641 Lucra.
623 3592 649 3641 ii.
672 3593 738 3653 638'
759 3590 875 3642 Ellendt:
903 3594 1053 3642 manderem
1075 3590 1156 3642 MPo
1178 3600 1217 3644 vet

208 3657 327 3705 mandem
341 3655 365 3704 Ο
463 3657 496 3705 aa
512 3657 693 3707 animadvertit
703 3655 727 3705 L
738 3660 804 3722 vulg.
