<?xml version="1.0" encoding="UTF-8"?>
<!DOCTYPE html PUBLIC "-//W3C//DTD XHTML 1.0 Transitional//EN"
    "http://www.w3.org/TR/xhtml1/DTD/xhtml1-transitional.dtd">
<html xmlns="http://www.w3.org/1999/xhtml" xml:lang="en" lang="en">
 <head>
  <title>
</title>
<meta http-equiv="Content-Type" content="text/html;charset=utf-8" />
  <meta name='ocr-system' content='tesseract 3.04.00' />
  <meta name='ocr-capabilities' content='ocr_page ocr_carea ocr_par ocr_line ocrx_word'/>
</head>
<body>
  <div class='ocr_page' id='page_1' title='image "./mtvlliciceronis01wilkgoog/mtvlliciceronis01wilkgoog_0107.png"; bbox 0 0 2648 4216; ppageno 0'>
   <div class='ocr_carea' id='block_1_1' title="bbox 481 245 932 308">
    <p class='ocr_par' dir='ltr' id='par_1_1' title="bbox 481 245 932 308">
     <span class='ocr_line' id='line_1_1' title="bbox 481 245 932 308; baseline -0.002 -1"><span class='ocrx_word' id='word_1_1' title='bbox 481 248 525 307; x_wconf 91' lang='lat' dir='ltr'>M.</span> <span class='ocrx_word' id='word_1_2' title='bbox 548 247 676 306; x_wconf 89' lang='lat' dir='ltr'><strong>TVLLI</strong></span> <span class='ocrx_word' id='word_1_3' title='bbox 699 245 932 308; x_wconf 89' lang='lat' dir='ltr'><strong>CICERONIS</strong></span> 
     </span>
    </p>
   </div>
   <div class='ocr_carea' id='block_1_2' title="bbox 201 411 1236 1078">
    <p class='ocr_par' dir='ltr' id='par_1_2' title="bbox 201 411 1236 1078">
     <span class='ocr_line' id='line_1_2' title="bbox 202 411 1208 493; baseline -0.002 -17"><span class='ocrx_word' id='word_1_4' title='bbox 202 417 371 476; x_wconf 90' lang='lat' dir='ltr'>scentulum</span> <span class='ocrx_word' id='word_1_5' title='bbox 384 414 485 476; x_wconf 83' lang='lat' dir='ltr'>audivi</span> <span class='ocrx_word' id='word_1_6' title='bbox 499 434 574 475; x_wconf 88' lang='lat' dir='ltr'>voce</span> <span class='ocrx_word' id='word_1_7' title='bbox 594 425 625 476; x_wconf 89' lang='lat' dir='ltr'>et</span> <span class='ocrx_word' id='word_1_8' title='bbox 641 415 738 474; x_wconf 91' lang='lat' dir='ltr'>forma</span> <span class='ocrx_word' id='word_1_9' title='bbox 751 425 781 474; x_wconf 92' lang='lat' dir='ltr'>et</span> <span class='ocrx_word' id='word_1_10' title='bbox 795 423 879 475; x_wconf 90' lang='lat' dir='ltr'>motu</span> <span class='ocrx_word' id='word_1_11' title='bbox 894 412 1026 493; x_wconf 89' lang='lat' dir='ltr'>corporis</span> <span class='ocrx_word' id='word_1_12' title='bbox 1043 424 1073 474; x_wconf 92' lang='lat' dir='ltr'>et</span> <span class='ocrx_word' id='word_1_13' title='bbox 1086 411 1208 492; x_wconf 82' lang='lat' dir='ltr'>reliquis</span> 
     </span>
     <span class='ocr_line' id='line_1_3' title="bbox 202 511 1206 590; baseline -0.003 -17"><span class='ocrx_word' id='word_1_14' title='bbox 202 512 291 573; x_wconf 90' lang='lat' dir='ltr'>rebus</span> <span class='ocrx_word' id='word_1_15' title='bbox 302 512 378 590; x_wconf 87' lang='lat' dir='ltr'>aptis</span> <span class='ocrx_word' id='word_1_16' title='bbox 392 514 433 573; x_wconf 94' lang='lat' dir='ltr'>ad</span> <span class='ocrx_word' id='word_1_17' title='bbox 447 515 506 573; x_wconf 94' lang='lat' dir='ltr'>hoc</span> <span class='ocrx_word' id='word_1_18' title='bbox 521 533 639 587; x_wconf 91' lang='lat' dir='ltr'>munus,</span> <span class='ocrx_word' id='word_1_19' title='bbox 650 514 689 573; x_wconf 88' lang='lat' dir='ltr'>de</span> <span class='ocrx_word' id='word_1_20' title='bbox 698 531 761 590; x_wconf 92' lang='lat' dir='ltr'>quo</span> <span class='ocrx_word' id='word_1_21' title='bbox 769 511 948 590; x_wconf 91' lang='lat' dir='ltr'>quaerimus,</span> <span class='ocrx_word' id='word_1_22' title='bbox 960 511 1095 572; x_wconf 87' lang='lat' dir='ltr'>oratione</span> <span class='ocrx_word' id='word_1_23' title='bbox 1106 522 1206 572; x_wconf 90' lang='lat' dir='ltr'>autem</span> 
     </span>
     <span class='ocr_line' id='line_1_4' title="bbox 202 607 1208 688; baseline -0.004 -18"><span class='ocrx_word' id='word_1_24' title='bbox 202 609 291 671; x_wconf 91' lang='lat' dir='ltr'>celeri</span> <span class='ocrx_word' id='word_1_25' title='bbox 306 621 336 670; x_wconf 91' lang='lat' dir='ltr'>et</span> <span class='ocrx_word' id='word_1_26' title='bbox 357 609 514 683; x_wconf 90' lang='lat' dir='ltr'>concitata,</span> <span class='ocrx_word' id='word_1_27' title='bbox 530 611 613 688; x_wconf 93' lang='lat' dir='ltr'>quod</span> <span class='ocrx_word' id='word_1_28' title='bbox 627 619 689 670; x_wconf 88' lang='lat' dir='ltr'>erat</span> <span class='ocrx_word' id='word_1_29' title='bbox 708 608 816 687; x_wconf 87' lang='lat' dir='ltr'>ingeni,</span> <span class='ocrx_word' id='word_1_30' title='bbox 833 620 864 669; x_wconf 91' lang='lat' dir='ltr'>et</span> <span class='ocrx_word' id='word_1_31' title='bbox 882 608 980 670; x_wconf 87' lang='lat' dir='ltr'>verbis</span> <span class='ocrx_word' id='word_1_32' title='bbox 994 607 1208 670; x_wconf 87' lang='lat' dir='ltr'>effervescenti-</span> 
     </span>
     <span class='ocr_line' id='line_1_5' title="bbox 202 705 1205 786; baseline -0.004 -18"><span class='ocrx_word' id='word_1_33' title='bbox 202 708 259 768; x_wconf 92' lang='lat' dir='ltr'>bus</span> <span class='ocrx_word' id='word_1_34' title='bbox 287 719 317 769; x_wconf 89' lang='lat' dir='ltr'>et</span> <span class='ocrx_word' id='word_1_35' title='bbox 344 710 434 786; x_wconf 91' lang='lat' dir='ltr'>paulo</span> <span class='ocrx_word' id='word_1_36' title='bbox 462 706 589 768; x_wconf 90' lang='lat' dir='ltr'>nimium</span> <span class='ocrx_word' id='word_1_37' title='bbox 616 706 863 781; x_wconf 87' lang='lat' dir='ltr'>redundantibus,</span> <span class='ocrx_word' id='word_1_38' title='bbox 892 709 976 785; x_wconf 94' lang='lat' dir='ltr'>quod</span> <span class='ocrx_word' id='word_1_39' title='bbox 1003 718 1066 768; x_wconf 91' lang='lat' dir='ltr'>erat</span> <span class='ocrx_word' id='word_1_40' title='bbox 1092 705 1205 766; x_wconf 87' lang='lat' dir='ltr'>aetatis.</span> 
     </span>
     <span class='ocr_line' id='line_1_6' title="bbox 203 804 1236 883; baseline 0.004 -18"><span class='ocrx_word' id='word_1_41' title='bbox 203 807 274 866; x_wconf 92' lang='lat' dir='ltr'>Non</span> <span class='ocrx_word' id='word_1_42' title='bbox 296 825 363 865; x_wconf 92' lang='lat' dir='ltr'>sum</span> <span class='ocrx_word' id='word_1_43' title='bbox 379 816 574 883; x_wconf 91' lang='lat' dir='ltr'>aspematus;</span> <span class='ocrx_word' id='word_1_44' title='bbox 603 807 672 866; x_wconf 90' lang='lat' dir='ltr'>volo</span> <span class='ocrx_word' id='word_1_45' title='bbox 687 805 768 867; x_wconf 92' lang='lat' dir='ltr'>enim</span> <span class='ocrx_word' id='word_1_46' title='bbox 790 825 823 866; x_wconf 94' lang='lat' dir='ltr'>se</span> <span class='ocrx_word' id='word_1_47' title='bbox 841 806 943 867; x_wconf 88' lang='lat' dir='ltr'>efferat</span> <span class='ocrx_word' id='word_1_48' title='bbox 962 804 994 865; x_wconf 91' lang='lat' dir='ltr'>in</span> <span class='ocrx_word' id='word_1_49' title='bbox 1014 806 1236 869; x_wconf 81' lang='lat' dir='ltr'>adulescentes</span> 
     </span>
     <span class='ocr_line' id='line_1_7' title="bbox 201 902 1206 977; baseline 0.001 -16"><span class='ocrx_word' id='word_1_50' title='bbox 201 902 387 977; x_wconf 88' lang='lat' dir='ltr'>fecunditas;</span> <span class='ocrx_word' id='word_1_51' title='bbox 421 922 493 962; x_wconf 90' lang='lat' dir='ltr'>nam</span> <span class='ocrx_word' id='word_1_52' title='bbox 520 902 636 964; x_wconf 81' lang='lat' dir='ltr'>facilius</span> <span class='ocrx_word' id='word_1_53' title='bbox 663 902 740 965; x_wconf 91' lang='lat' dir='ltr'>sicut</span> <span class='ocrx_word' id='word_1_54' title='bbox 767 902 799 963; x_wconf 93' lang='lat' dir='ltr'>in</span> <span class='ocrx_word' id='word_1_55' title='bbox 826 902 937 964; x_wconf 87' lang='lat' dir='ltr'>vitibus</span> <span class='ocrx_word' id='word_1_56' title='bbox 964 915 1140 964; x_wconf 88' lang='lat' dir='ltr'>revocantur</span> <span class='ocrx_word' id='word_1_57' title='bbox 1162 921 1206 975; x_wconf 85' lang='lat' dir='ltr'>ea,</span> 
     </span>
     <span class='ocr_line' id='line_1_8' title="bbox 202 998 1205 1078; baseline -0.001 -19"><span class='ocrx_word' id='word_1_58' title='bbox 202 1019 326 1077; x_wconf 89' lang='lat' dir='ltr'>quaese</span> <span class='ocrx_word' id='word_1_59' title='bbox 345 998 473 1059; x_wconf 92' lang='lat' dir='ltr'>nimium</span> <span class='ocrx_word' id='word_1_60' title='bbox 493 1001 699 1078; x_wconf 90' lang='lat' dir='ltr'>profuderunt,</span> <span class='ocrx_word' id='word_1_61' title='bbox 715 1020 815 1078; x_wconf 90' lang='lat' dir='ltr'>quam,</span> <span class='ocrx_word' id='word_1_62' title='bbox 832 998 857 1060; x_wconf 95' lang='lat' dir='ltr'>si</span> <span class='ocrx_word' id='word_1_63' title='bbox 878 998 953 1059; x_wconf 92' lang='lat' dir='ltr'>nihil</span> <span class='ocrx_word' id='word_1_64' title='bbox 967 1001 1045 1060; x_wconf 87' lang='lat' dir='ltr'>valet</span> <span class='ocrx_word' id='word_1_65' title='bbox 1059 998 1205 1072; x_wconf 87' lang='lat' dir='ltr'>materies,</span> 
     </span>
    </p>
   </div>
   <div class='ocr_carea' id='block_1_3' title="bbox 148 1096 1254 3561">
    <p class='ocr_par' dir='ltr' id='par_1_3' title="bbox 148 1096 1254 3561">
     <span class='ocr_line' id='line_1_9' title="bbox 202 1096 1208 1171; baseline 0.002 -15"><span class='ocrx_word' id='word_1_66' title='bbox 202 1116 282 1156; x_wconf 93' lang='lat' dir='ltr'>nova</span> <span class='ocrx_word' id='word_1_67' title='bbox 295 1107 444 1158; x_wconf 88' lang='lat' dir='ltr'>sarmenta</span> <span class='ocrx_word' id='word_1_68' title='bbox 463 1099 580 1158; x_wconf 88' lang='lat' dir='ltr'>cultura</span> <span class='ocrx_word' id='word_1_69' title='bbox 597 1096 764 1158; x_wconf 86' lang='lat' dir='ltr'>excitantur</span> <span class='ocrx_word' id='word_1_70' title='bbox 772 1119 781 1171; x_wconf 83' lang='lat'>3</span> <span class='ocrx_word' id='word_1_71' title='bbox 801 1096 874 1157; x_wconf 91' lang='lat' dir='ltr'>item</span> <span class='ocrx_word' id='word_1_72' title='bbox 889 1098 959 1157; x_wconf 90' lang='lat' dir='ltr'>volo</span> <span class='ocrx_word' id='word_1_73' title='bbox 976 1116 1042 1158; x_wconf 91' lang='lat' dir='ltr'>esse</span> <span class='ocrx_word' id='word_1_74' title='bbox 1059 1096 1090 1156; x_wconf 94' lang='lat' dir='ltr'>in</span> <span class='ocrx_word' id='word_1_75' title='bbox 1107 1098 1208 1158; x_wconf 87' lang='lat' dir='ltr'>adule-</span> 
     </span>
     <span class='ocr_line' id='line_1_10' title="bbox 202 1193 1207 1272; baseline -0.001 -17"><span class='ocrx_word' id='word_1_76' title='bbox 202 1203 312 1268; x_wconf 87' lang='lat' dir='ltr'>scente,</span> <span class='ocrx_word' id='word_1_77' title='bbox 325 1195 408 1254; x_wconf 93' lang='lat' dir='ltr'>unde</span> <span class='ocrx_word' id='word_1_78' title='bbox 421 1193 535 1272; x_wconf 91' lang='lat' dir='ltr'>aliquid</span> <span class='ocrx_word' id='word_1_79' title='bbox 548 1205 702 1272; x_wconf 89' lang='lat' dir='ltr'>amputem</span> <span class='ocrx_word' id='word_1_80' title='bbox 714 1215 723 1268; x_wconf 85' lang='lat'>3</span> <span class='ocrx_word' id='word_1_81' title='bbox 743 1213 806 1254; x_wconf 94' lang='lat' dir='ltr'>non</span> <span class='ocrx_word' id='word_1_82' title='bbox 820 1193 901 1254; x_wconf 93' lang='lat' dir='ltr'>enim</span> <span class='ocrx_word' id='word_1_83' title='bbox 916 1204 1015 1270; x_wconf 92' lang='lat' dir='ltr'>potest</span> <span class='ocrx_word' id='word_1_84' title='bbox 1026 1193 1103 1254; x_wconf 93' lang='lat' dir='ltr'>ineo</span> <span class='ocrx_word' id='word_1_85' title='bbox 1117 1213 1207 1254; x_wconf 92' lang='lat' dir='ltr'>sucus</span> 
     </span>
     <span class='ocr_line' id='line_1_11' title="bbox 202 1290 1254 1370; baseline 0 -18"><span class='ocrx_word' id='word_1_86' title='bbox 202 1311 268 1352; x_wconf 86' lang='lat' dir='ltr'>esse</span> <span class='ocrx_word' id='word_1_87' title='bbox 281 1291 448 1364; x_wconf 89' lang='lat' dir='ltr'>diuturnus,</span> <span class='ocrx_word' id='word_1_88' title='bbox 464 1292 548 1370; x_wconf 93' lang='lat' dir='ltr'>quod</span> <span class='ocrx_word' id='word_1_89' title='bbox 566 1290 655 1351; x_wconf 90' lang='lat' dir='ltr'>nimis</span> <span class='ocrx_word' id='word_1_90' title='bbox 669 1290 803 1353; x_wconf 88' lang='lat' dir='ltr'>celeriter</span> <span class='ocrx_word' id='word_1_91' title='bbox 816 1302 862 1353; x_wconf 92' lang='lat' dir='ltr'>est</span> <span class='ocrx_word' id='word_1_92' title='bbox 875 1291 1075 1352; x_wconf 90' lang='lat' dir='ltr'>maturitatem</span> <span class='ocrx_word' id='word_1_93' title='bbox 1089 1311 1209 1352; x_wconf 89' lang='lat' dir='ltr'>exsecu·</span> <span class='ocrx_word' id='word_1_94' title='bbox 1223 1309 1254 1344; x_wconf 89' lang='lat'>10</span> 
     </span>
     <span class='ocr_line' id='line_1_12' title="bbox 156 1386 1207 1466; baseline -0.005 -13"><span class='ocrx_word' id='word_1_95' title='bbox 156 1388 189 1453; x_wconf 82' lang='lat'>⁸⁹</span> <span class='ocrx_word' id='word_1_96' title='bbox 203 1399 275 1463; x_wconf 84' lang='lat' dir='ltr'>tum.</span> <span class='ocrx_word' id='word_1_97' title='bbox 318 1387 392 1449; x_wconf 89' lang='lat' dir='ltr'>Vidi</span> <span class='ocrx_word' id='word_1_98' title='bbox 415 1387 514 1449; x_wconf 90' lang='lat' dir='ltr'>statim</span> <span class='ocrx_word' id='word_1_99' title='bbox 538 1387 672 1449; x_wconf 87' lang='lat' dir='ltr'>indolem</span> <span class='ocrx_word' id='word_1_100' title='bbox 697 1407 796 1466; x_wconf 90' lang='lat' dir='ltr'>neque</span> <span class='ocrx_word' id='word_1_101' title='bbox 819 1386 921 1448; x_wconf 92' lang='lat' dir='ltr'>dimisi</span> <span class='ocrx_word' id='word_1_102' title='bbox 945 1399 1063 1466; x_wconf 92' lang='lat' dir='ltr'>tempus</span> <span class='ocrx_word' id='word_1_103' title='bbox 1085 1399 1116 1449; x_wconf 91' lang='lat' dir='ltr'>et</span> <span class='ocrx_word' id='word_1_104' title='bbox 1137 1409 1207 1450; x_wconf 92' lang='lat' dir='ltr'>eum</span> 
     </span>
     <span class='ocr_line' id='line_1_13' title="bbox 202 1484 1209 1562; baseline 0.002 -18"><span class='ocrx_word' id='word_1_105' title='bbox 202 1504 270 1544; x_wconf 91' lang='lat' dir='ltr'>sum</span> <span class='ocrx_word' id='word_1_106' title='bbox 291 1487 471 1557; x_wconf 86' lang='lat' dir='ltr'>cohortatus,</span> <span class='ocrx_word' id='word_1_107' title='bbox 494 1495 528 1545; x_wconf 89' lang='lat' dir='ltr'>ut</span> <span class='ocrx_word' id='word_1_108' title='bbox 551 1487 649 1545; x_wconf 88' lang='lat' dir='ltr'>forum</span> <span class='ocrx_word' id='word_1_109' title='bbox 671 1484 728 1545; x_wconf 93' lang='lat' dir='ltr'>sibi</span> <span class='ocrx_word' id='word_1_110' title='bbox 748 1487 854 1546; x_wconf 89' lang='lat' dir='ltr'>ludum</span> <span class='ocrx_word' id='word_1_111' title='bbox 880 1496 996 1562; x_wconf 88' lang='lat' dir='ltr'>putaret</span> <span class='ocrx_word' id='word_1_112' title='bbox 1017 1504 1083 1546; x_wconf 89' lang='lat' dir='ltr'>esse</span> <span class='ocrx_word' id='word_1_113' title='bbox 1104 1487 1144 1546; x_wconf 90' lang='lat' dir='ltr'>ad</span> <span class='ocrx_word' id='word_1_114' title='bbox 1165 1485 1209 1546; x_wconf 89' lang='lat' dir='ltr'>di·</span> 
     </span>
     <span class='ocr_line' id='line_1_14' title="bbox 202 1582 1209 1661; baseline 0.001 -19"><span class='ocrx_word' id='word_1_115' title='bbox 202 1585 357 1656; x_wconf 89' lang='lat' dir='ltr'>scendum,</span> <span class='ocrx_word' id='word_1_116' title='bbox 373 1583 545 1661; x_wconf 86' lang='lat' dir='ltr'>magistrum</span> <span class='ocrx_word' id='word_1_117' title='bbox 559 1594 669 1656; x_wconf 89' lang='lat' dir='ltr'>autem,</span> <span class='ocrx_word' id='word_1_118' title='bbox 685 1603 776 1661; x_wconf 91' lang='lat' dir='ltr'>quem</span> <span class='ocrx_word' id='word_1_119' title='bbox 795 1585 892 1656; x_wconf 89' lang='lat' dir='ltr'>vellet,</span> <span class='ocrx_word' id='word_1_120' title='bbox 908 1582 1048 1661; x_wconf 83' lang='lat' dir='ltr'>eligeret3</span> <span class='ocrx_word' id='word_1_121' title='bbox 1076 1603 1126 1643; x_wconf 91' lang='lat' dir='ltr'>me</span> <span class='ocrx_word' id='word_1_122' title='bbox 1145 1583 1209 1661; x_wconf 92' lang='lat' dir='ltr'>qui·</span> 
     </span>
     <span class='ocr_line' id='line_1_15' title="bbox 201 1679 1208 1758; baseline 0.003 -17"><span class='ocrx_word' id='word_1_123' title='bbox 201 1682 272 1741; x_wconf 89' lang='lat' dir='ltr'>dem</span> <span class='ocrx_word' id='word_1_124' title='bbox 287 1679 312 1740; x_wconf 92' lang='lat' dir='ltr'>si</span> <span class='ocrx_word' id='word_1_125' title='bbox 330 1680 455 1754; x_wconf 91' lang='lat' dir='ltr'>audiret,</span> <span class='ocrx_word' id='word_1_126' title='bbox 471 1683 505 1740; x_wconf 84' lang='lat' dir='ltr'>L.</span> <span class='ocrx_word' id='word_1_127' title='bbox 522 1681 684 1742; x_wconf 87' lang='lat' dir='ltr'>Crassum:</span> <span class='ocrx_word' id='word_1_128' title='bbox 715 1682 799 1758; x_wconf 91' lang='lat' dir='ltr'>quod</span> <span class='ocrx_word' id='word_1_129' title='bbox 820 1679 875 1741; x_wconf 90' lang='lat' dir='ltr'>iste</span> <span class='ocrx_word' id='word_1_130' title='bbox 889 1680 1019 1757; x_wconf 89' lang='lat' dir='ltr'>adripuit</span> <span class='ocrx_word' id='word_1_131' title='bbox 1038 1692 1068 1742; x_wconf 93' lang='lat' dir='ltr'>et</span> <span class='ocrx_word' id='word_1_132' title='bbox 1087 1680 1128 1741; x_wconf 89' lang='lat' dir='ltr'>ita</span> <span class='ocrx_word' id='word_1_133' title='bbox 1142 1701 1208 1744; x_wconf 92' lang='lat' dir='ltr'>sese</span> 
     </span>
     <span class='ocr_line' id='line_1_16' title="bbox 200 1777 1253 1857; baseline 0.008 -20"><span class='ocrx_word' id='word_1_134' title='bbox 200 1777 347 1838; x_wconf 90' lang='lat' dir='ltr'>facturum</span> <span class='ocrx_word' id='word_1_135' title='bbox 370 1777 557 1839; x_wconf 85' lang='lat' dir='ltr'>confirmavit</span> <span class='ocrx_word' id='word_1_136' title='bbox 578 1789 669 1857; x_wconf 92' lang='lat' dir='ltr'>atque</span> <span class='ocrx_word' id='word_1_137' title='bbox 693 1778 783 1839; x_wconf 87' lang='lat' dir='ltr'>etiam</span> <span class='ocrx_word' id='word_1_138' title='bbox 805 1778 930 1851; x_wconf 86' lang='lat' dir='ltr'>addidit,</span> <span class='ocrx_word' id='word_1_139' title='bbox 956 1778 1067 1856; x_wconf 85' lang='lat' dir='ltr'>gratiae</span> <span class='ocrx_word' id='word_1_140' title='bbox 1095 1779 1253 1845; x_wconf 85' lang='lat' dir='ltr'>scilicet15</span> 
     </span>
     <span class='ocr_line' id='line_1_17' title="bbox 200 1874 1207 1954; baseline 0.004 -20"><span class='ocrx_word' id='word_1_141' title='bbox 200 1895 298 1948; x_wconf 87' lang='lat' dir='ltr'>causa,</span> <span class='ocrx_word' id='word_1_142' title='bbox 329 1895 378 1935; x_wconf 88' lang='lat' dir='ltr'>me</span> <span class='ocrx_word' id='word_1_143' title='bbox 405 1895 527 1954; x_wconf 92' lang='lat' dir='ltr'>quoque</span> <span class='ocrx_word' id='word_1_144' title='bbox 555 1874 612 1937; x_wconf 91' lang='lat' dir='ltr'>sibi</span> <span class='ocrx_word' id='word_1_145' title='bbox 640 1875 813 1954; x_wconf 88' lang='lat' dir='ltr'>magistrum</span> <span class='ocrx_word' id='word_1_146' title='bbox 840 1877 981 1936; x_wconf 87' lang='lat' dir='ltr'>futurum.</span> <span class='ocrx_word' id='word_1_147' title='bbox 1024 1876 1083 1937; x_wconf 87' lang='lat' dir='ltr'>Vix</span> <span class='ocrx_word' id='word_1_148' title='bbox 1110 1897 1207 1938; x_wconf 91' lang='lat' dir='ltr'>annus</span> 
     </span>
     <span class='ocr_line' id='line_1_18' title="bbox 201 1971 1207 2048; baseline 0.004 -16"><span class='ocrx_word' id='word_1_149' title='bbox 201 1971 406 2034; x_wconf 86' lang='lat' dir='ltr'>intercesserat</span> <span class='ocrx_word' id='word_1_150' title='bbox 424 1974 463 2033; x_wconf 89' lang='lat' dir='ltr'>ab</span> <span class='ocrx_word' id='word_1_151' title='bbox 481 1975 540 2034; x_wconf 92' lang='lat' dir='ltr'>hoc</span> <span class='ocrx_word' id='word_1_152' title='bbox 556 1993 694 2034; x_wconf 88' lang='lat' dir='ltr'>sermone</span> <span class='ocrx_word' id='word_1_153' title='bbox 714 1973 929 2034; x_wconf 90' lang='lat' dir='ltr'>cohortationis</span> <span class='ocrx_word' id='word_1_154' title='bbox 950 1994 1044 2048; x_wconf 90' lang='lat' dir='ltr'>meae,</span> <span class='ocrx_word' id='word_1_155' title='bbox 1060 1995 1130 2035; x_wconf 90' lang='lat' dir='ltr'>cum</span> <span class='ocrx_word' id='word_1_156' title='bbox 1151 1975 1207 2036; x_wconf 91' lang='lat' dir='ltr'>iste</span> 
     </span>
     <span class='ocr_line' id='line_1_19' title="bbox 200 2069 1206 2144; baseline 0.006 -15"><span class='ocrx_word' id='word_1_157' title='bbox 200 2069 352 2130; x_wconf 89' lang='lat' dir='ltr'>accusavit</span> <span class='ocrx_word' id='word_1_158' title='bbox 367 2072 401 2132; x_wconf 84' lang='lat' dir='ltr'>C.</span> <span class='ocrx_word' id='word_1_159' title='bbox 423 2071 609 2144; x_wconf 91' lang='lat' dir='ltr'>Norbanum,</span> <span class='ocrx_word' id='word_1_160' title='bbox 625 2073 808 2133; x_wconf 85' lang='lat' dir='ltr'>defendente</span> <span class='ocrx_word' id='word_1_161' title='bbox 825 2092 893 2133; x_wconf 91' lang='lat' dir='ltr'>me:</span> <span class='ocrx_word' id='word_1_162' title='bbox 922 2093 984 2134; x_wconf 92' lang='lat' dir='ltr'>non</span> <span class='ocrx_word' id='word_1_163' title='bbox 1004 2083 1049 2133; x_wconf 91' lang='lat' dir='ltr'>est</span> <span class='ocrx_word' id='word_1_164' title='bbox 1064 2073 1206 2135; x_wconf 90' lang='lat' dir='ltr'>credibile</span> 
     </span>
     <span class='ocr_line' id='line_1_20' title="bbox 201 2166 1207 2250; baseline 0.004 -23"><span class='ocrx_word' id='word_1_165' title='bbox 201 2167 275 2244; x_wconf 89' lang='lat' dir='ltr'>quid</span> <span class='ocrx_word' id='word_1_166' title='bbox 290 2167 432 2229; x_wconf 89' lang='lat' dir='ltr'>interesse</span> <span class='ocrx_word' id='word_1_167' title='bbox 446 2166 520 2227; x_wconf 92' lang='lat' dir='ltr'>mihi</span> <span class='ocrx_word' id='word_1_168' title='bbox 534 2168 572 2228; x_wconf 90' lang='lat' dir='ltr'>sit</span> <span class='ocrx_word' id='word_1_169' title='bbox 586 2167 683 2229; x_wconf 91' lang='lat' dir='ltr'>visum</span> <span class='ocrx_word' id='word_1_170' title='bbox 697 2167 774 2230; x_wconf 91' lang='lat' dir='ltr'>inter</span> <span class='ocrx_word' id='word_1_171' title='bbox 790 2189 869 2243; x_wconf 91' lang='lat' dir='ltr'>eum,</span> <span class='ocrx_word' id='word_1_172' title='bbox 886 2169 938 2248; x_wconf 90' lang='lat' dir='ltr'>qui</span> <span class='ocrx_word' id='word_1_173' title='bbox 955 2180 1019 2229; x_wconf 90' lang='lat' dir='ltr'>tum</span> <span class='ocrx_word' id='word_1_174' title='bbox 1033 2181 1096 2230; x_wconf 90' lang='lat' dir='ltr'>erat</span> <span class='ocrx_word' id='word_1_175' title='bbox 1110 2183 1140 2232; x_wconf 91' lang='lat' dir='ltr'>et</span> <span class='ocrx_word' id='word_1_176' title='bbox 1154 2171 1207 2250; x_wconf 93' lang='lat' dir='ltr'>qui</span> 
     </span>
     <span class='ocr_line' id='line_1_21' title="bbox 200 2265 1253 2345; baseline 0.002 -22"><span class='ocrx_word' id='word_1_177' title='bbox 200 2283 281 2326; x_wconf 92' lang='lat' dir='ltr'>anno</span> <span class='ocrx_word' id='word_1_178' title='bbox 308 2276 378 2325; x_wconf 90' lang='lat' dir='ltr'>ante</span> <span class='ocrx_word' id='word_1_179' title='bbox 405 2266 507 2327; x_wconf 84' lang='lat' dir='ltr'>fuerat</span> <span class='ocrx_word' id='word_1_180' title='bbox 562 2265 698 2328; x_wconf 91' lang='lat' dir='ltr'>Omnino</span> <span class='ocrx_word' id='word_1_181' title='bbox 724 2266 756 2326; x_wconf 93' lang='lat' dir='ltr'>in</span> <span class='ocrx_word' id='word_1_182' title='bbox 784 2265 859 2328; x_wconf 93' lang='lat' dir='ltr'>illud</span> <span class='ocrx_word' id='word_1_183' title='bbox 886 2287 980 2345; x_wconf 84' lang='lat' dir='ltr'>genus</span> <span class='ocrx_word' id='word_1_184' title='bbox 1008 2288 1077 2328; x_wconf 91' lang='lat' dir='ltr'>eum</span> <span class='ocrx_word' id='word_1_185' title='bbox 1107 2270 1206 2331; x_wconf 87' lang='lat' dir='ltr'>Crassi</span> <span class='ocrx_word' id='word_1_186' title='bbox 1221 2292 1253 2326; x_wconf 72' lang='grc' dir='ltr'>ιο</span> 
     </span>
     <span class='ocr_line' id='line_1_22' title="bbox 201 2363 1206 2443; baseline 0.007 -22"><span class='ocrx_word' id='word_1_187' title='bbox 201 2363 393 2439; x_wconf 86' lang='lat' dir='ltr'>magnificum</span> <span class='ocrx_word' id='word_1_188' title='bbox 412 2375 504 2443; x_wconf 92' lang='lat' dir='ltr'>atque</span> <span class='ocrx_word' id='word_1_189' title='bbox 525 2367 709 2442; x_wconf 87' lang='lat' dir='ltr'>praeclarum</span> <span class='ocrx_word' id='word_1_190' title='bbox 728 2377 834 2426; x_wconf 91' lang='lat' dir='ltr'>natura</span> <span class='ocrx_word' id='word_1_191' title='bbox 852 2365 917 2443; x_wconf 92' lang='lat' dir='ltr'>ipsa</span> <span class='ocrx_word' id='word_1_192' title='bbox 938 2367 1075 2438; x_wconf 86' lang='lat' dir='ltr'>ducebat,</span> <span class='ocrx_word' id='word_1_193' title='bbox 1095 2368 1149 2427; x_wconf 91' lang='lat' dir='ltr'>sed</span> <span class='ocrx_word' id='word_1_194' title='bbox 1170 2388 1206 2428; x_wconf 90' lang='lat' dir='ltr'>ea</span> 
     </span>
     <span class='ocr_line' id='line_1_23' title="bbox 200 2461 1206 2542; baseline 0.002 -20"><span class='ocrx_word' id='word_1_195' title='bbox 200 2481 263 2522; x_wconf 92' lang='lat' dir='ltr'>non</span> <span class='ocrx_word' id='word_1_196' title='bbox 277 2461 348 2521; x_wconf 89' lang='lat' dir='ltr'>satis</span> <span class='ocrx_word' id='word_1_197' title='bbox 362 2463 506 2540; x_wconf 87' lang='lat' dir='ltr'>proficere</span> <span class='ocrx_word' id='word_1_198' title='bbox 519 2461 674 2540; x_wconf 90' lang='lat' dir='ltr'>potuisset,</span> <span class='ocrx_word' id='word_1_199' title='bbox 690 2462 747 2523; x_wconf 90' lang='lat' dir='ltr'>nisi</span> <span class='ocrx_word' id='word_1_200' title='bbox 764 2464 873 2524; x_wconf 92' lang='lat' dir='ltr'>eodem</span> <span class='ocrx_word' id='word_1_201' title='bbox 893 2462 993 2522; x_wconf 94' lang='lat' dir='ltr'>studio</span> <span class='ocrx_word' id='word_1_202' title='bbox 1007 2475 1098 2542; x_wconf 91' lang='lat' dir='ltr'>atque</span> <span class='ocrx_word' id='word_1_203' title='bbox 1111 2463 1206 2524; x_wconf 88' lang='lat' dir='ltr'>imita-</span> 
     </span>
     <span class='ocr_line' id='line_1_24' title="bbox 148 2558 1205 2657; baseline 0.004 -39"><span class='ocrx_word' id='word_1_204' title='bbox 148 2613 187 2657; x_wconf 61' lang='lat' dir='ltr'><strong>m</strong></span> <span class='ocrx_word' id='word_1_205' title='bbox 201 2559 283 2620; x_wconf 92' lang='lat' dir='ltr'>tione</span> <span class='ocrx_word' id='word_1_206' title='bbox 297 2558 474 2620; x_wconf 87' lang='lat' dir='ltr'>intendisset</span> <span class='ocrx_word' id='word_1_207' title='bbox 492 2571 583 2638; x_wconf 92' lang='lat' dir='ltr'>atque</span> <span class='ocrx_word' id='word_1_208' title='bbox 602 2559 644 2620; x_wconf 91' lang='lat' dir='ltr'>ita</span> <span class='ocrx_word' id='word_1_209' title='bbox 662 2559 762 2622; x_wconf 90' lang='lat' dir='ltr'>dicere</span> <span class='ocrx_word' id='word_1_210' title='bbox 781 2570 963 2634; x_wconf 90' lang='lat' dir='ltr'>consuesset,</span> <span class='ocrx_word' id='word_1_211' title='bbox 979 2570 1013 2620; x_wconf 91' lang='lat' dir='ltr'>ut</span> <span class='ocrx_word' id='word_1_212' title='bbox 1027 2571 1089 2621; x_wconf 92' lang='lat' dir='ltr'>tota</span> <span class='ocrx_word' id='word_1_213' title='bbox 1103 2571 1205 2622; x_wconf 90' lang='lat' dir='ltr'>mente</span> 
     </span>
     <span class='ocr_line' id='line_1_25' title="bbox 154 2656 1204 2755; baseline 0.001 -37"><span class='ocrx_word' id='word_1_214' title='bbox 154 2704 188 2755; x_wconf 75' lang='lat'>90</span> <span class='ocrx_word' id='word_1_215' title='bbox 201 2658 342 2718; x_wconf 89' lang='lat' dir='ltr'>Crassum</span> <span class='ocrx_word' id='word_1_216' title='bbox 353 2668 444 2734; x_wconf 92' lang='lat' dir='ltr'>atque</span> <span class='ocrx_word' id='word_1_217' title='bbox 454 2657 538 2717; x_wconf 92' lang='lat' dir='ltr'>omni</span> <span class='ocrx_word' id='word_1_218' title='bbox 548 2656 650 2717; x_wconf 92' lang='lat' dir='ltr'>animo</span> <span class='ocrx_word' id='word_1_219' title='bbox 660 2656 831 2719; x_wconf 88' lang='lat' dir='ltr'>intueretur.</span> <span class='ocrx_word' id='word_1_220' title='bbox 869 2660 949 2735; x_wconf 83' lang='lat' dir='ltr'>Ergo</span> <span class='ocrx_word' id='word_1_221' title='bbox 958 2659 1018 2718; x_wconf 93' lang='lat' dir='ltr'>hoc</span> <span class='ocrx_word' id='word_1_222' title='bbox 1028 2657 1066 2718; x_wconf 91' lang='lat' dir='ltr'>sit</span> <span class='ocrx_word' id='word_1_223' title='bbox 1074 2657 1204 2736; x_wconf 91' lang='lat' dir='ltr'>primum</span> 
     </span>
     <span class='ocr_line' id='line_1_26' title="bbox 201 2751 1250 2836; baseline -0.001 -23"><span class='ocrx_word' id='word_1_224' title='bbox 201 2753 232 2813; x_wconf 92' lang='lat' dir='ltr'>in</span> <span class='ocrx_word' id='word_1_225' title='bbox 254 2753 419 2833; x_wconf 91' lang='lat' dir='ltr'>praeceptis</span> <span class='ocrx_word' id='word_1_226' title='bbox 434 2753 516 2826; x_wconf 92' lang='lat' dir='ltr'>meis,</span> <span class='ocrx_word' id='word_1_227' title='bbox 532 2765 566 2814; x_wconf 91' lang='lat' dir='ltr'>ut</span> <span class='ocrx_word' id='word_1_228' title='bbox 582 2755 831 2828; x_wconf 89' lang='lat' dir='ltr'>demonstremus,</span> <span class='ocrx_word' id='word_1_229' title='bbox 847 2774 939 2833; x_wconf 91' lang='lat' dir='ltr'>quem</span> <span class='ocrx_word' id='word_1_230' title='bbox 956 2752 1086 2814; x_wconf 90' lang='lat' dir='ltr'>imitetur</span> <span class='ocrx_word' id='word_1_231' title='bbox 1101 2751 1204 2836; x_wconf 92' lang='lat' dir='ltr'>[atque</span> <span class='ocrx_word' id='word_1_232' title='bbox 1219 2775 1250 2826; x_wconf 81' lang='lat'>²5</span> 
     </span>
     <span class='ocr_line' id='line_1_27' title="bbox 199 2850 1205 2930; baseline 0.003 -19"><span class='ocrx_word' id='word_1_233' title='bbox 199 2850 248 2925; x_wconf 91' lang='lat' dir='ltr'>ita,</span> <span class='ocrx_word' id='word_1_234' title='bbox 271 2861 313 2926; x_wconf 91' lang='lat' dir='ltr'>ut,</span> <span class='ocrx_word' id='word_1_235' title='bbox 335 2872 413 2930; x_wconf 88' lang='lat' dir='ltr'>quae</span> <span class='ocrx_word' id='word_1_236' title='bbox 434 2851 562 2913; x_wconf 84' lang='lat' dir='ltr'>maxime</span> <span class='ocrx_word' id='word_1_237' title='bbox 579 2854 726 2914; x_wconf 91' lang='lat' dir='ltr'>excellent</span> <span class='ocrx_word' id='word_1_238' title='bbox 744 2851 776 2911; x_wconf 92' lang='lat' dir='ltr'>in</span> <span class='ocrx_word' id='word_1_239' title='bbox 796 2872 842 2925; x_wconf 94' lang='lat' dir='ltr'>e0,</span> <span class='ocrx_word' id='word_1_240' title='bbox 861 2871 952 2930; x_wconf 92' lang='lat' dir='ltr'>quem</span> <span class='ocrx_word' id='word_1_241' title='bbox 973 2850 1144 2925; x_wconf 88' lang='lat' dir='ltr'>imitabitur,</span> <span class='ocrx_word' id='word_1_242' title='bbox 1167 2873 1205 2914; x_wconf 84' lang='lat' dir='ltr'>ea</span> 
     </span>
     <span class='ocr_line' id='line_1_28' title="bbox 200 2946 1204 3031; baseline 0 -21"><span class='ocrx_word' id='word_1_243' title='bbox 200 2948 425 3027; x_wconf 84' lang='lat' dir='ltr'>diligentissime</span> <span class='ocrx_word' id='word_1_244' title='bbox 446 2946 654 3031; x_wconf 89' lang='lat' dir='ltr'>persequatur]</span> <span class='ocrx_word' id='word_1_245' title='bbox 665 2971 674 3024; x_wconf 81' lang='lat'><em>3</em></span> <span class='ocrx_word' id='word_1_246' title='bbox 705 2959 770 3010; x_wconf 88' lang='lat' dir='ltr'>tum</span> <span class='ocrx_word' id='word_1_247' title='bbox 792 2951 918 3010; x_wconf 91' lang='lat' dir='ltr'>accedat</span> <span class='ocrx_word' id='word_1_248' title='bbox 941 2948 1120 3023; x_wconf 89' lang='lat' dir='ltr'>exercitati0,</span> <span class='ocrx_word' id='word_1_249' title='bbox 1143 2970 1204 3028; x_wconf 88' lang='lat' dir='ltr'>qua</span> 
     </span>
     <span class='ocr_line' id='line_1_29' title="bbox 198 3045 1203 3126; baseline 0.003 -21"><span class='ocrx_word' id='word_1_250' title='bbox 198 3045 290 3119; x_wconf 91' lang='lat' dir='ltr'>illum,</span> <span class='ocrx_word' id='word_1_251' title='bbox 306 3066 398 3124; x_wconf 91' lang='lat' dir='ltr'>quem</span> <span class='ocrx_word' id='word_1_252' title='bbox 412 3045 562 3125; x_wconf 84' lang='lat' dir='ltr'>delegerit,</span> <span class='ocrx_word' id='word_1_253' title='bbox 577 3046 725 3108; x_wconf 86' lang='lat' dir='ltr'>imitando</span> <span class='ocrx_word' id='word_1_254' title='bbox 738 3049 858 3126; x_wconf 86' lang='lat' dir='ltr'>effingat</span> <span class='ocrx_word' id='word_1_255' title='bbox 871 3058 962 3126; x_wconf 92' lang='lat' dir='ltr'>atque</span> <span class='ocrx_word' id='word_1_256' title='bbox 975 3046 1128 3126; x_wconf 91' lang='lat' dir='ltr'>exprimat,</span> <span class='ocrx_word' id='word_1_257' title='bbox 1140 3067 1203 3108; x_wconf 92' lang='lat' dir='ltr'>non</span> 
     </span>
     <span class='ocr_line' id='line_1_30' title="bbox 199 3143 1203 3224; baseline 0.005 -23"><span class='ocrx_word' id='word_1_258' title='bbox 199 3154 232 3202; x_wconf 90' lang='lat' dir='ltr'>ut</span> <span class='ocrx_word' id='word_1_259' title='bbox 246 3144 356 3204; x_wconf 91' lang='lat' dir='ltr'>multos</span> <span class='ocrx_word' id='word_1_260' title='bbox 373 3143 537 3204; x_wconf 91' lang='lat' dir='ltr'>imitatores</span> <span class='ocrx_word' id='word_1_261' title='bbox 556 3163 646 3223; x_wconf 90' lang='lat' dir='ltr'>saepe</span> <span class='ocrx_word' id='word_1_262' title='bbox 663 3145 800 3224; x_wconf 86' lang='lat' dir='ltr'>cognovi,</span> <span class='ocrx_word' id='word_1_263' title='bbox 816 3144 869 3224; x_wconf 91' lang='lat' dir='ltr'>qui</span> <span class='ocrx_word' id='word_1_264' title='bbox 884 3155 936 3206; x_wconf 90' lang='lat' dir='ltr'>aut</span> <span class='ocrx_word' id='word_1_265' title='bbox 953 3165 997 3218; x_wconf 85' lang='lat' dir='ltr'>ea,</span> <span class='ocrx_word' id='word_1_266' title='bbox 1013 3165 1090 3224; x_wconf 90' lang='lat' dir='ltr'>quae</span> <span class='ocrx_word' id='word_1_267' title='bbox 1103 3145 1203 3206; x_wconf 82' lang='lat' dir='ltr'>facilia</span> 
     </span>
     <span class='ocr_line' id='line_1_31' title="bbox 231 3297 1201 3365; baseline 0.003 -18"><span class='ocrx_word' id='word_1_268' title='bbox 231 3297 264 3347; x_wconf 89' lang='lat' dir='ltr'><em>M</em></span> <span class='ocrx_word' id='word_1_269' title='bbox 274 3298 390 3348; x_wconf 84' lang='lat' dir='ltr'><em>=AEH</em></span> <span class='ocrx_word' id='word_1_270' title='bbox 423 3301 549 3364; x_wconf 68' lang='lat' dir='ltr'>gingeni,</span> <span class='ocrx_word' id='word_1_271' title='bbox 559 3310 637 3352; x_wconf 86' lang='lat' dir='ltr'>etm:</span> <span class='ocrx_word' id='word_1_272' title='bbox 655 3301 753 3362; x_wconf 85' lang='lat' dir='ltr'>ingenii</span> <span class='ocrx_word' id='word_1_273' title='bbox 762 3301 852 3351; x_wconf 86' lang='lat' dir='ltr'>sedM</span> <span class='ocrx_word' id='word_1_274' title='bbox 859 3319 866 3352; x_wconf 74' lang='lat' dir='ltr'>t</span> <span class='ocrx_word' id='word_1_275' title='bbox 884 3301 995 3364; x_wconf 80' lang='lat' dir='ltr'>ingeniis</span> <span class='ocrx_word' id='word_1_276' title='bbox 1005 3302 1062 3351; x_wconf 89' lang='lat' dir='ltr'>etL</span> <span class='ocrx_word' id='word_1_277' title='bbox 1117 3318 1201 3365; x_wconf 86' lang='lat' dir='ltr'>7pro·</span> 
     </span>
     <span class='ocr_line' id='line_1_32' title="bbox 198 3363 1198 3432; baseline 0.004 -20"><span class='ocrx_word' id='word_1_278' title='bbox 198 3363 319 3413; x_wconf 88' lang='lat' dir='ltr'>diderunt</span> <span class='ocrx_word' id='word_1_279' title='bbox 331 3365 404 3416; x_wconf 88' lang='lat' dir='ltr'>Mm:</span> <span class='ocrx_word' id='word_1_280' title='bbox 427 3368 581 3428; x_wconf 86' lang='lat' dir='ltr'>prodierunt</span> <span class='ocrx_word' id='word_1_281' title='bbox 593 3368 625 3416; x_wconf 94' lang='lat' dir='ltr'><em>H</em></span> <span class='ocrx_word' id='word_1_282' title='bbox 635 3368 675 3428; x_wconf 86' lang='lat' dir='ltr'>(se</span> <span class='ocrx_word' id='word_1_283' title='bbox 688 3369 791 3432; x_wconf 84' lang='lat' dir='ltr'>omisso)</span> <span class='ocrx_word' id='word_1_284' title='bbox 918 3370 934 3416; x_wconf 83' lang='lat' dir='ltr'>B</span> <span class='ocrx_word' id='word_1_285' title='bbox 951 3369 1012 3416; x_wconf 91' lang='lat' dir='ltr'>item</span> <span class='ocrx_word' id='word_1_286' title='bbox 1024 3368 1070 3416; x_wconf 90' lang='lat' dir='ltr'>M:</span> <span class='ocrx_word' id='word_1_287' title='bbox 1095 3369 1131 3417; x_wconf 84' lang='lat' dir='ltr'>ita</span> <span class='ocrx_word' id='word_1_288' title='bbox 1143 3385 1198 3417; x_wconf 78' lang='lat' dir='ltr'>rece.</span> 
     </span>
     <span class='ocr_line' id='line_1_33' title="bbox 201 3429 1203 3497; baseline 0.004 -21"><span class='ocrx_word' id='word_1_289' title='bbox 201 3444 229 3476; x_wconf 93' lang='lat'>11</span> <span class='ocrx_word' id='word_1_290' title='bbox 248 3429 385 3478; x_wconf 86' lang='lat' dir='ltr'>indocilem</span> <span class='ocrx_word' id='word_1_291' title='bbox 397 3430 430 3478; x_wconf 90' lang='lat' dir='ltr'><em>M</em></span> <span class='ocrx_word' id='word_1_292' title='bbox 529 3447 559 3482; x_wconf 83' lang='lat'>12</span> <span class='ocrx_word' id='word_1_293' title='bbox 576 3434 608 3482; x_wconf 89' lang='lat' dir='ltr'>ad</span> <span class='ocrx_word' id='word_1_294' title='bbox 621 3433 772 3482; x_wconf 84' lang='lat' dir='ltr'>discendum</span> <span class='ocrx_word' id='word_1_295' title='bbox 783 3433 871 3497; x_wconf 61' lang='lat' dir='ltr'>vulg:</span> <span class='ocrx_word' id='word_1_296' title='bbox 885 3434 1055 3483; x_wconf 76' lang='lat' dir='ltr'>addicendum</span> <span class='ocrx_word' id='word_1_297' title='bbox 1067 3431 1093 3479; x_wconf 83' lang='lat' dir='ltr'><em>A</em></span> <span class='ocrx_word' id='word_1_298' title='bbox 1104 3450 1110 3480; x_wconf 81' lang='lat' dir='ltr'><em>z</em></span> <span class='ocrx_word' id='word_1_299' title='bbox 1127 3433 1203 3480; x_wconf 81' lang='lat' dir='ltr'>delere</span> 
     </span>
     <span class='ocr_line' id='line_1_34' title="bbox 197 3494 1201 3561; baseline 0.004 -19"><span class='ocrx_word' id='word_1_300' title='bbox 197 3494 276 3543; x_wconf 76' lang='lat' dir='ltr'>voluit</span> <span class='ocrx_word' id='word_1_301' title='bbox 290 3494 384 3544; x_wconf 69' lang='lat' dir='ltr'>Schults</span> <span class='ocrx_word' id='word_1_302' title='bbox 506 3510 538 3558; x_wconf 76' lang='lat'>25</span> <span class='ocrx_word' id='word_1_303' title='bbox 554 3503 652 3559; x_wconf 83' lang='lat' dir='ltr'>atque.</span> <span class='ocrx_word' id='word_1_304' title='bbox 667 3535 673 3546; x_wconf 95' lang='lat'>.</span> <span class='ocrx_word' id='word_1_305' title='bbox 688 3533 695 3547; x_wconf 89' lang='lat'><strong>.</strong></span> <span class='ocrx_word' id='word_1_306' title='bbox 710 3507 881 3561; x_wconf 87' lang='lat' dir='ltr'>persequatur</span> <span class='ocrx_word' id='word_1_307' title='bbox 895 3498 957 3547; x_wconf 76' lang='lat' dir='ltr'>delet</span> <span class='ocrx_word' id='word_1_308' title='bbox 972 3498 1074 3561; x_wconf 67' lang='lat' dir='ltr'>Scitin,</span> <span class='ocrx_word' id='word_1_309' title='bbox 1088 3506 1123 3561; x_wconf 77' lang='lat' dir='ltr'>cp.</span> <span class='ocrx_word' id='word_1_310' title='bbox 1143 3501 1201 3560; x_wconf 76' lang='lat'>§92</span> 
     </span>
    </p>
   </div>
   <div class='ocr_carea' id='block_1_4' title="bbox 197 3560 1201 3688">
    <p class='ocr_par' dir='ltr' id='par_1_4' title="bbox 197 3560 1201 3688">
     <span class='ocr_line' id='line_1_35' title="bbox 198 3560 1201 3626; baseline 0.003 -17"><span class='ocrx_word' id='word_1_311' title='bbox 198 3560 232 3609; x_wconf 72' lang='lat'>26</span> <span class='ocrx_word' id='word_1_312' title='bbox 248 3560 376 3610; x_wconf 87' lang='lat' dir='ltr'>excellant</span> <span class='ocrx_word' id='word_1_313' title='bbox 395 3577 449 3610; x_wconf 78' lang='lat' dir='ltr'>mc.</span> <span class='ocrx_word' id='word_1_314' title='bbox 585 3564 618 3611; x_wconf 75' lang='lat'>28</span> <span class='ocrx_word' id='word_1_315' title='bbox 635 3579 699 3626; x_wconf 85' lang='lat' dir='ltr'>seqq.</span> <span class='ocrx_word' id='word_1_316' title='bbox 718 3579 770 3612; x_wconf 90' lang='lat' dir='ltr'>non</span> <span class='ocrx_word' id='word_1_317' title='bbox 788 3571 816 3613; x_wconf 88' lang='lat' dir='ltr'>ut</span> <span class='ocrx_word' id='word_1_318' title='bbox 835 3563 946 3614; x_wconf 87' lang='lat' dir='ltr'>multos.</span> <span class='ocrx_word' id='word_1_319' title='bbox 961 3600 967 3613; x_wconf 94' lang='lat'>.</span> <span class='ocrx_word' id='word_1_320' title='bbox 982 3599 989 3613; x_wconf 89' lang='lat'><em>.</em></span> <span class='ocrx_word' id='word_1_321' title='bbox 1004 3562 1201 3625; x_wconf 82' lang='lat' dir='ltr'>diligentissime</span> 
     </span>
     <span class='ocr_line' id='line_1_36' title="bbox 197 3626 778 3688; baseline 0.01 -17"><span class='ocrx_word' id='word_1_322' title='bbox 197 3632 368 3688; x_wconf 81' lang='lat' dir='ltr'>persequatur</span> <span class='ocrx_word' id='word_1_323' title='bbox 379 3640 429 3675; x_wconf 90' lang='lat' dir='ltr'>om.</span> <span class='ocrx_word' id='word_1_324' title='bbox 443 3626 476 3674; x_wconf 90' lang='lat' dir='ltr'><em>M</em></span> <span class='ocrx_word' id='word_1_325' title='bbox 486 3627 557 3675; x_wconf 82' lang='lat' dir='ltr'>nulla</span> <span class='ocrx_word' id='word_1_326' title='bbox 569 3627 659 3675; x_wconf 84' lang='lat' dir='ltr'>lacuna</span> <span class='ocrx_word' id='word_1_327' title='bbox 670 3627 778 3677; x_wconf 72' lang='lat' dir='ltr'>indsbata</span> 
     </span>
    </p>
   </div>
   <div class='ocr_carea' id='block_1_5' title="bbox 0 0 1328 4216">
    <p class='ocr_par' dir='ltr' id='par_1_5' title="bbox 0 0 1328 4216">
     <span class='ocr_line' id='line_1_37' title="bbox 0 0 1328 4216; baseline 0 1"><span class='ocrx_word' id='word_1_328' title='bbox 0 0 1328 4216; x_wconf 95' lang='lat' dir='ltr'> </span> 
     </span>
    </p>
   </div>
  </div>
 </body>
</html>
