2648 4216
81 250 123 315 70
134 251 180 302 282
473 246 518 305 M.
539 245 668 306 TVLLI
691 246 923 320 CICERONIS

132 420 180 480 283
194 409 220 471 si
236 409 268 473 id
289 413 425 473 lecero':
457 410 582 473 ‘melius
604 414 667 472 est’
688 411 785 491 inquit
808 416 916 490 ‘quam
935 414 1038 474 reum'
1079 415 1200 475 Bellum

194 507 285 569 etiam
307 521 361 584 est,
377 529 447 571 cum
462 509 536 588 quid
555 508 665 588 cuique
682 509 720 570 sit
740 521 978 584 consentaneum
999 509 1107 571 dicitur
1116 532 1125 585 ;
1155 523 1198 584 ut,

193 626 264 667 cum
287 609 415 668 Scaurus
438 628 501 668 non
523 609 637 667 nullam
665 608 790 669 haberet
812 607 956 669 invidiam
981 628 1085 682 exeo,
1114 608 1200 686 quod

195 705 370 784 Phrygionis
399 705 533 784 Pompei,
563 703 721 784 locupletis
749 705 888 781 hominis,
918 707 1001 767 bona
1024 706 1088 767 sine
1112 717 1202 766 testa·

194 813 297 864 mento
318 805 500 880 possederat,
523 805 700 881 sederetque
720 805 884 864 advocatus
904 824 956 865 reo
979 805 1105 880 Bestiae,
1127 822 1229 872 cums

193 900 283 959 sunus
305 902 460 977 quoddam
482 902 648 974 duceretur,
669 912 825 962 accusator
846 902 881 964 C.
905 902 1069 963 Memmius
1092 900 1199 975 ‘vide,'

193 995 290 1075 inquit
315 1000 451 1074 ‘Scaure,
477 1011 612 1059 mortuus
634 998 754 1076 rapitur,
779 999 805 1060 si
827 1011 913 1078 potes
936 1020 1002 1062 esse
1025 1001 1199 1079 possessor!

133 1104 181 1165 284
193 1096 254 1156 Sed
279 1115 315 1156 ex
337 1095 383 1156 his
405 1096 547 1156 omnibus
571 1095 646 1155 nihil
667 1095 762 1176 magis
776 1096 895 1171 ridetur,
921 1117 1013 1174 quam
1041 1097 1125 1174 quod
1152 1108 1199 1157 est

193 1203 309 1270 praeter
329 1192 591 1271 exspectationem,
610 1191 696 1254 cuius
721 1193 945 1256 innumerabilia
966 1205 1035 1254 sunt
1050 1196 1196 1272 exempla,

193 1289 241 1348 vel
255 1288 336 1366 Appi
350 1287 469 1349 maioris
483 1287 570 1363 illius,
585 1287 639 1366 qui
652 1287 684 1348 in
707 1301 816 1362 senatu,
833 1310 903 1350 cum
917 1301 1052 1369 ageretur
1066 1292 1105 1351 de
1118 1291 1197 1369 agris
1214 1307 1245 1343 ¹0

193 1385 321 1464 publicis
338 1397 368 1446 et
381 1387 421 1448 de
439 1388 505 1464 lege
518 1384 631 1446 Thoria
649 1398 680 1447 et
696 1397 847 1465 peteretur
860 1389 1004 1447 Lucullus
1022 1389 1063 1448 ab
1077 1388 1127 1462 eis,
1145 1388 1198 1466 qui

192 1501 211 1543 a
234 1501 343 1560 pecore
363 1481 427 1544 eius
448 1483 571 1562 depasci
590 1504 676 1562 agros
698 1484 836 1562 publicos
859 1485 1001 1559 dicerent,
1030 1488 1112 1545 ‘non
1133 1489 1198 1546 est'

193 1577 291 1658 inquit
306 1580 442 1641 ‘Luculli
454 1601 547 1659 pecus
561 1579 636 1643 illud
644 1604 654 1658 ,·
679 1581 797 1643 erratis'
808 1584 1021 1656 ;-defendere
1035 1585 1197 1644 Lucullum

192 1676 464 1756 videbatur-‘ego
491 1677 619 1741 liberum
645 1691 721 1759 puto
744 1700 828 1741 esse:
860 1701 921 1759 qua
947 1679 1021 1741 libet
1047 1681 1198 1760 pascitur)

131 1789 177 1850 285
193 1777 296 1837 Placet
316 1775 406 1838 etiam
427 1776 501 1837 mihi
521 1777 596 1838 illud
613 1775 760 1857 Scipionis
781 1775 867 1852 illius,
884 1776 936 1856 qui
957 1777 1003 1837 Ti.
1026 1779 1197 1838 Gracchum
1215 1796 1242 1845 15

192 1872 337 1950 perculit:
358 1873 471 1934 cumei
486 1876 530 1934 M.
547 1876 672 1935 Flaccus
691 1873 792 1935 multis
807 1875 923 1953 probris
937 1874 1064 1935 obiectis
1078 1877 1111 1934 P.
1129 1877 1198 1935 Mu·

193 1969 274 2030 cium
295 1970 426 2032 iudicem
447 1967 562 2032 tulisset
573 1994 583 2047 3
606 1970 722 2047 ‘eiero,’
739 1971 838 2051 inquit
860 1971 999 2050 ‘iniquus
1020 1973 1084 2032 est’
1095 1991 1105 2046 ;
1125 1992 1196 2032 cum

193 2079 272 2128 esset
282 2069 546 2141 admurmuratum,
559 2070 633 2144 ‘ah,'
646 2068 745 2149 inquit
760 2073 810 2129 ‘P.
825 2069 870 2143 C,
883 2089 946 2128 non
955 2089 1012 2147 ego
1025 2066 1100 2129 mihi
1110 2067 1195 2128 illum

193 2163 329 2243 iniquum
344 2165 432 2241 eiero,
447 2186 551 2226 verum
569 2166 729 2227 omnibus!
770 2167 819 2227 Ab
835 2168 894 2226 hoc
912 2186 983 2226 vero
998 2166 1106 2228 Crasso
1120 2165 1196 2226 nihil

193 2258 317 2319 facetius
331 2281 337 2318 :
358 2279 428 2319 cum
442 2259 576 2321 laesisset
589 2260 671 2321 testis
682 2258 760 2322 Silus
775 2259 925 2335 Pisonem,
938 2261 1021 2337 quod
1032 2279 1065 2320 se
1078 2258 1110 2319 in
1125 2279 1195 2320 eum
1211 2282 1243 2318 aa

192 2354 312 2416 audisse
332 2355 462 2431 dixisset,
485 2360 600 2435 ‘potest
620 2356 701 2432 fieri,’
722 2356 820 2434 inquit
842 2355 927 2432 ‘Sile,
951 2368 985 2417 ut
1005 2355 1038 2432 is,
1061 2359 1144 2417 unde
1165 2368 1196 2417 te

191 2453 311 2514 audisse
325 2453 409 2529 dieis,
423 2453 515 2514 iratus
534 2453 659 2515 dixerit’
699 2452 815 2515 Adnuit
829 2451 915 2514 Silus.
961 2455 1080 2513 ‘Potest
1095 2452 1194 2528 etiam,

192 2563 225 2611 ut
239 2562 272 2611 tu
287 2571 350 2614 non
363 2564 443 2612 recte
456 2551 654 2614 intellexeris!
694 2552 734 2612 ld
752 2571 874 2631 quoque
888 2562 953 2612 toto
967 2551 1065 2630 capite
1079 2551 1194 2626 adnuit,

193 2662 226 2710 ut
240 2670 272 2711 se
287 2653 395 2713 Crasso
409 2653 500 2712 daret
546 2655 667 2712 ‘Potest
681 2650 770 2711 etiam
787 2651 868 2726 fieri,’
882 2649 980 2729 inquit
996 2653 1045 2711 ‘ut
1060 2649 1194 2724 omnino,

193 2749 277 2825 quod
291 2759 320 2808 te
333 2748 454 2810 audisse
467 2747 552 2824 dicis,
566 2769 732 2827 numquam
747 2747 896 2810 audieris!
939 2750 1010 2808 Hoc
1024 2745 1066 2808 ita
1079 2759 1196 2827 praeter
1211 2769 1241 2822 ²5

192 2846 444 2924 exspectationem
467 2847 585 2923 accidit,
607 2859 642 2908 ut
661 2857 768 2908 testem
790 2847 925 2907 omnium
946 2845 1022 2907 risus
1047 2847 1194 2907 obrueret.

193 2944 294 3004 Huius
308 2944 424 3023 generis
442 2957 488 3007 est
503 2946 611 3024 plenus
631 2945 756 3020 Novius,
772 2945 857 3006 cuius
879 2945 964 3006 iocus
984 2957 1030 3007 est
1043 2943 1195 3005 familiaris

130 3012 178 3140 ,gg
194 3041 328 3120 ‘sapiens
344 3041 369 3103 si
385 3042 507 3120 algebiS,
523 3047 647 3104 tremes'
668 3054 699 3104 et
717 3043 775 3104 alia
795 3046 950 3122 permulta.
994 3045 1090 3121 Saepe
1104 3042 1196 3103 etiam

190 3140 285 3200 sacete
299 3142 448 3201 concedas
462 3140 630 3203 adversario
644 3140 676 3203 id
695 3141 802 3221 ipsum,
819 3143 902 3221 quod
916 3140 971 3202 tibi
984 3140 1034 3201 ille
1047 3140 1195 3216 detrahit;

222 3295 255 3343 M
265 3321 286 3338 =
299 3296 331 3345 H
427 3299 443 3346 ⁶
460 3298 489 3348 C.
503 3313 554 3346 om.
568 3297 638 3346 Hmr
723 3313 737 3359 7
755 3305 842 3360 potest
853 3296 924 3346 Hme
1007 3315 1037 3347 ιο
1053 3297 1096 3347 vel
1108 3296 1194 3347 codd:

189 3369 217 3411 ut
228 3361 251 3408 L
349 3377 376 3410 11
396 3370 556 3424 premeretur
567 3360 603 3410 Lr
683 3363 795 3412 Lucilius
806 3363 874 3412 codd.
885 3364 954 3426 plur.
1062 3365 1091 3411 16
1109 3370 1195 3424 pertu-

189 3426 218 3475 lit
234 3428 292 3476 Hm
391 3429 502 3477 Crassus
517 3428 575 3477 Hm
695 3442 724 3490 17
742 3444 804 3478 uero
820 3429 905 3478 Hem:
932 3429 1004 3478 euiro
1020 3428 1097 3476 1²0²:
1122 3429 1194 3477 eiuro

191 3491 215 3540 Ο
226 3509 279 3542 recc.
379 3495 409 3541 18
421 3493 490 3541 illurn
502 3509 552 3542 om.
564 3494 622 3543 Hm
725 3509 755 3554 19
766 3496 854 3542 einero
862 3493 905 3542 H:
923 3494 981 3542 euio
991 3511 1018 3541 m
1101 3493 1195 3541 Crasse

188 3558 230 3607 He
295 3573 327 3607 ao
346 3557 424 3607 Sillus
435 3558 492 3605 Hm
575 3575 605 3607 21
625 3558 744 3608 lieriom.
759 3558 817 3607 Hm
894 3558 938 3606 ille
948 3558 1007 3606 Hm
1072 3560 1105 3605 26
1122 3558 1194 3607 testi·

188 3622 301 3672 monium
313 3625 380 3672 risus
392 3624 508 3672 obruerit
525 3623 583 3672 Hm
682 3638 713 3684 27
731 3629 773 3671 est
786 3623 879 3685 plenus
896 3623 931 3672 Le
942 3623 1031 3683 Soros:
1050 3629 1077 3670 et
1091 3622 1195 3685 plenius

188 3688 245 3736 Hm
311 3691 383 3738 cuius
396 3693 468 3738 iocus
479 3695 519 3738 est
530 3688 621 3751 Soros:
639 3695 680 3739 est
690 3688 762 3738 locus
774 3694 815 3736 est
826 3687 867 3732 L.-
882 3695 907 3736 et
921 3685 993 3738 locus
1004 3695 1067 3736 este
