2648 4216
492 285 736 348 PRAEFATIO

111 447 187 509 olim
202 468 255 528 per
269 451 391 512 mutilos
402 461 518 510 tantum
529 451 650 511 codices
662 449 725 510 noti
736 461 835 510 essent
850 448 916 508 libri
932 449 970 509 de
982 448 1115 517 Oratore,

111 555 192 615 felici
228 558 360 633 quodam
397 576 468 616 casu
503 558 608 618 Laude
644 555 788 633 Pompeia
823 555 935 615 invenit
967 553 1116 614 Gerardus

111 661 301 722 landrianus
326 661 486 740 episcopus
510 665 647 723 codicem
677 663 823 739 integrum
852 662 923 721 satis
950 659 1115 737 antiquum,

110 787 204 842 quem
220 770 298 828 lectu
313 769 522 830 difficillimum
543 767 752 829 Mediolanum
769 768 848 827 misit
863 769 902 828 ad
919 768 1115 844 Gasparinum

110 870 271 946 Barzizam,
287 875 381 934 virum
403 872 434 934 id
454 876 596 952 temporis
615 874 823 935 doctissimum
847 885 879 932 ut
902 892 971 932 suos
994 873 1023 930 in
1046 892 1116 931 usus

111 989 271 1038 excuteret.
314 981 376 1055 Qui
396 979 471 1040 liber
491 978 641 1039 nescimus
661 997 723 1056 quo
741 998 813 1038 casu
834 998 904 1038 mox
919 979 1012 1055 periit.
1056 978 1115 1038 Sed

110 1083 194 1143 brevi
210 1095 303 1143 totam
318 1104 371 1162 per
391 1085 508 1145 Italiam
528 1086 713 1163 permanavit
730 1104 857 1162 magnus
877 1103 1017 1144 numerus
1037 1082 1116 1144 codi-

109 1209 180 1248 cum
210 1189 269 1249 iam
299 1193 488 1269 integrorum.
533 1191 638 1267 Qualis
664 1209 735 1251 vero
759 1190 846 1251 tuerit
874 1189 1012 1250 adfinitas
1041 1190 1116 1248 inter

110 1299 189 1357 hanc
212 1297 329 1358 turbam
352 1310 382 1358 et
403 1300 539 1359 codicem
563 1299 646 1358 illurn
669 1298 868 1370 laudensem,
889 1308 921 1356 ut
943 1294 1114 1355 Friedrichii

109 1402 209 1463 verbis
224 1415 296 1477 utar,
314 1405 405 1465 hodie
420 1405 450 1463 in
466 1403 598 1465 tenebris
618 1406 690 1463 latet
705 1414 735 1463 et
750 1401 858 1480 opinor
872 1422 989 1480 semper
1004 1401 1114 1462 latebit.

110 1510 187 1568 Sunt
209 1509 260 1586 qui
282 1521 388 1588 putent
409 1512 532 1570 lacunas
553 1522 669 1570 tantum
690 1510 823 1587 expletas
843 1510 950 1569 luisse:
976 1519 1046 1568 sunt
1064 1509 1114 1586 qui

108 1627 252 1676 censeant
268 1627 364 1676 totum
379 1616 516 1677 codicem
533 1619 778 1678 Mediolanenses
798 1636 902 1694 parum
917 1614 1073 1692 diligenter
1087 1625 1115 1674 et

108 1744 228 1782 summa
248 1723 437 1784 testinatione
457 1724 653 1801 exscripsisse.
698 1724 807 1800 Neque
825 1732 925 1781 tamen
945 1732 1026 1779 tanta
1041 1718 1116 1779 inter

108 1829 231 1889 codices
246 1831 375 1907 integros
390 1840 485 1890 exstat
504 1829 671 1890 similitudo
691 1838 724 1889 ut
743 1826 789 1888 his
804 1826 891 1889 facile
909 1828 1066 1887 credamus
1080 1846 1116 1886 ex

108 1955 171 1994 uno
187 1936 270 1995 fonte
285 1954 350 1996 esse
365 1932 514 1996 derivatos
528 1933 765 1995 adfirmantibus.

151 2043 237 2100 Duos
257 2052 358 2101 tamen
377 2040 437 2121 (P)
457 2039 626 2101 Palatinum
650 2043 736 2118 1469,
752 2051 782 2100 et
799 2039 854 2119 (0)
875 2038 1115 2100 Ottobonianum

110 2164 189 2224 2057
205 2166 274 2206 cum
292 2147 332 2207 ad
348 2148 537 2207 Laudensem
558 2147 681 2225 propius
700 2147 844 2207 accedere
864 2144 1020 2206 videantur
1039 2147 1116 2206 dele·

107 2251 207 2330 gimus
218 2254 303 2313 cuius
315 2254 459 2313 indicium
472 2252 589 2333 saepius
601 2255 760 2315 citaremus
772 2276 777 2313 :
797 2254 880 2330 quod
892 2272 960 2313 cum
972 2264 1115 2330 congruat

108 2359 326 2420 Friedrichium
342 2359 436 2420 secuti
451 2360 525 2438 siglo
539 2362 567 2420 L
583 2359 761 2421 notavimus,

151 2465 328 2526 Editionum
350 2478 484 2528 veterum
506 2469 624 2545 vulgata
645 2468 735 2528 lectio
755 2464 859 2546 (vulg.)
879 2466 1018 2526 codicum
1041 2463 1114 2525 inte-

106 2592 228 2650 grorum
260 2574 320 2633 fide
352 2572 464 2645 nititur,
496 2572 615 2634 mendis
647 2573 818 2652 patentibus
848 2574 990 2633 Italorum
1024 2574 1115 2633 ferme

107 2681 288 2739 coniecturis
307 2682 416 2740 amotis
427 2703 435 2754 ;
456 2700 512 2741 nec
532 2699 641 2759 operae
659 2679 788 2758 pretium
807 2699 872 2740 esse
891 2678 1031 2740 duximus
1048 2678 1115 2755 quis

107 2785 222 2863 primus
237 2807 359 2846 manum
372 2788 522 2847 medicam
533 2788 664 2848 attulerit
676 2786 837 2865 exquirere.
875 2783 1032 2845 Difficilius
1043 2804 1114 2844 sane

107 2913 185 2970 opus
200 2905 262 2953 erat
278 2893 410 2954 iudicare
425 2905 523 2953 utrum
539 2892 660 2955 codices
680 2893 777 2954 mutili
792 2893 882 2954 verba
896 2913 958 2952 non
973 2893 1055 2950 nulla
1069 2890 1114 2950 in-

107 2998 189 3060 curia
205 2999 461 3060 omiserint-hoc
476 3000 556 3059 enirn
573 3002 666 3061 modo
681 2998 842 3061 sescenties
857 3011 1013 3076 peccatum
1029 3009 1114 3059 est-

107 3127 146 3166 an
163 3106 342 3167 recentiores
358 3106 619 3184 interpolationem
633 3106 712 3185 passi
728 3107 794 3167 sint.
829 3108 924 3167 Sensu
939 3118 1113 3166 tamennon

108 3223 293 3289 repugnante
319 3212 485 3273 breviorem
511 3214 572 3274 lere
601 3212 760 3274 lectionem
790 3213 915 3290 probare
945 3213 1111 3283 maluimus,

108 3317 248 3377 codicum
263 3319 366 3378 indole
380 3317 440 3378 iam
455 3320 622 3379 accuratius
636 3318 764 3396 cognita

149 3425 258 3501 Neque
278 3443 351 3485 vero
371 3425 402 3485 id
424 3424 539 3502 egimus
560 3436 593 3487 ut
618 3427 750 3503 plenum,
773 3426 856 3503 quod
878 3425 970 3497 aiunt,
994 3443 1114 3501 appara-

107 3544 172 3592 tum
187 3529 322 3590 criticum
338 3530 509 3592 efficiamus.
555 3534 602 3600 Ne
620 3533 716 3591 mutili
734 3531 857 3608 quidem
876 3531 900 3591 si
921 3529 994 3608 quid
1009 3529 1113 3590 tituba-

106 3649 222 3710 verunt,
247 3647 279 3698 ut
302 3649 347 3698 est
373 3636 535 3699 scribarum
563 3641 652 3716 plane
676 3657 738 3698 rern
765 3636 971 3710 nescientium,
997 3655 1113 3712 semper

598 3765 618 3804 ν
