2648 4216
447 266 506 327 ns
527 267 735 332 oRArorns
776 267 810 328 ιι
1145 285 1186 347 37
1202 292 1248 346 1³4

127 444 302 508 senserunt3
331 445 361 494 et
382 444 462 495 certe
482 453 545 494 non
566 432 634 495 tulit
654 436 732 496 ullos
752 435 828 496 haec
848 435 951 498 civitas
970 448 1023 499 aut
1042 434 1135 515 gloria

127 528 266 592 clariores
279 540 331 591 aut
349 530 527 593 auctoritate
545 531 694 610 graviores
713 543 766 594 aut
784 533 969 596 humanitate
983 533 1135 613 politiores

128 630 161 689 P.
184 627 334 702 Africano,
357 630 393 691 C.
414 628 525 702 Laelio,
548 631 582 690 L
601 628 700 703 Furio,
722 628 775 708 qui
795 649 898 691 secum
919 630 1135 694 eruditissimos

127 725 266 788 homines
285 747 322 787 ex
339 725 465 787 Graecia
484 728 585 805 palam
605 746 723 803 semper
747 726 924 788 habuerunt
960 731 1061 807 Atque
1079 748 1136 806 ego
1152 755 1198 805 ¹55

99 845 114 896 5
127 824 187 884 hoc
201 844 239 884 ex
251 822 295 884 eis
309 842 399 903 saepe
411 821 523 897 audivi,
534 843 605 884 curn
618 823 754 884 dicerent
764 836 932 903 pergratum
943 825 1137 886 Atheniensis

127 931 159 983 et
172 920 230 981 sibi
248 919 354 983 fecisse
375 932 406 982 et
425 920 529 982 multis
548 920 734 1001 principibus
750 920 885 996 civitatis,
901 924 993 999 quod,
1008 942 1078 983 cum
1096 923 1137 982 ad

128 1031 266 1080 senatum
280 1021 393 1096 legatos
411 1020 453 1080 de
469 1017 534 1080 suis
553 1017 690 1079 maximis
708 1019 798 1080 rebus
819 1018 978 1094 mitterent,
993 1020 1045 1080 tris
1057 1019 1136 1080 illius

128 1116 233 1179 aetatis
260 1115 464 1177 nobilissimos
487 1115 685 1196 philosophos
707 1115 865 1190 misissent,
892 1118 1078 1179 Carneadem
1106 1128 1136 1178 et

129 1214 295 1277 Critolaum
316 1224 347 1276 et
368 1213 558 1292 Diogenem3
589 1212 691 1292 itaque
711 1234 772 1287 eos,
795 1215 869 1275 dum
889 1216 1006 1277 Romae
1027 1227 1133 1288 essent,

86 1340 118 1376 ιο
129 1323 160 1374 et
173 1332 192 1372 a
205 1332 237 1374 se
251 1323 283 1373 et
294 1312 335 1372 ab
348 1309 414 1372 aliis
427 1312 598 1389 frequenter
615 1310 755 1385 auditos,
783 1330 861 1389 quos
877 1322 910 1371 tu
927 1332 996 1373 cum
1011 1314 1136 1375 haberes

128 1421 273 1484 auctores,
295 1408 420 1483 Antoni,
442 1409 534 1470 miror
553 1429 607 1471 cur
626 1408 836 1488 philosophiae
857 1408 934 1471 sicut
954 1412 1065 1472 Zethus
1086 1410 1136 1471 ille

129 1507 317 1570 Pacuvianus
335 1526 430 1587 prope
448 1507 561 1568 bellum
582 1505 742 1567 indixeris'
784 1506 951 1581 ‘Minime’
965 1507 1062 1588 inquit
1075 1511 1136 1568 An-
1152 1514 1200 1579 ¹5⁶

128 1605 249 1682 tonius3
271 1611 324 1667 ‘ac
337 1605 381 1667 sic
394 1605 514 1667 decrevi
527 1605 732 1684 philosophari
745 1604 854 1683 potius,
870 1617 903 1666 ut
918 1608 1137 1684 Neoptolemus

129 1706 211 1784 apud
231 1704 365 1766 Ennium
386 1704 537 1784 “paucist
565 1724 636 1764 nam
658 1703 784 1765 omnino
805 1705 886 1765 haud
911 1705 1035 1783 placet.”
1076 1704 1137 1764 Sed

86 1827 117 1880 ιι
129 1815 232 1866 tamen
252 1806 327 1865 haec
347 1815 393 1866 est
414 1823 483 1864 mea
503 1801 659 1877 sententia,
682 1821 774 1881 quarn
798 1801 922 1864 videbar
944 1802 1137 1882 exposuisse:

128 1915 187 1980 'ego
204 1901 261 1963 ista
279 1900 379 1963 studia
398 1921 461 1961 non
482 1900 629 1978 improbo,
645 1903 800 1962 moderata
816 1903 910 1962 modo
923 1900 1005 1963 sint:
1023 1900 1138 1980 opinio

129 2016 201 2060 nem
213 1998 346 2060 istorum
367 1997 535 2059 studiorum
563 2008 593 2059 et
621 1996 822 2075 suspicionem
846 1996 951 2058 artifici
971 2000 1053 2077 apud
1074 2019 1135 2073 eos,

130 2096 183 2174 qui
196 2116 243 2157 res
256 2095 398 2169 iudicent,
415 2095 523 2157 oratori
542 2095 740 2157 adversariam
759 2115 825 2157 esse
838 2093 1138 2169 arbitronimminuit

130 2193 211 2256 enirn
226 2205 256 2255 et
269 2193 394 2254 oratoris
406 2192 614 2254 auctoritatem
628 2204 658 2254 et
673 2192 815 2254 orationis
829 2195 929 2255 fidem.
972 2195 1042 2269 Sed,
1054 2205 1088 2255 ut
1100 2214 1139 2256 eo

86 2316 118 2351 ιο
130 2302 293 2364 revocetur,
308 2292 391 2351 unde
411 2292 472 2351 huc
492 2290 653 2352 declinavit
674 2291 777 2365 oratio,
793 2312 831 2352 ex
849 2291 943 2353 tribus
962 2291 1025 2354 istis
1042 2291 1139 2352 claris

130 2387 214 2449 simis
240 2387 435 2467 philosophis,
465 2408 542 2466 quos
571 2391 702 2448 Romam
729 2387 847 2450 venisse
878 2388 986 2463 dixisti,
1015 2389 1139 2451 videsne

131 2486 300 2563 Diogenem
324 2506 395 2547 eum
416 2485 516 2560 luisse,
539 2485 591 2564 qui
614 2485 727 2547 diceret
748 2498 843 2547 artem
865 2506 898 2548 se
922 2489 1038 2549 tradere
1060 2488 1139 2549 bene

130 2583 296 2646 disserendi
316 2595 346 2645 et
362 2605 431 2645 vera
449 2605 486 2646 ac
504 2587 578 2646 salsa
598 2583 794 2658 diiudicandi,
810 2604 901 2662 quarn
915 2586 1008 2647 verbo
1022 2587 1138 2647 Graeco

131 2683 308 2761 διαλεκτικήν
319 2685 506 2762 appellaret?
547 2683 586 2743 In
602 2683 659 2742 hac
678 2692 747 2756 arte,
764 2681 789 2743 si
810 2684 904 2743 modo
925 2695 970 2745 est
989 2684 1063 2744 haec
1081 2703 1137 2756 am,

89 2803 118 2852 ²5
132 2785 248 2844 nullum
269 2793 316 2845 est
335 2791 536 2860 praeceptum,
559 2799 621 2857 quo
643 2781 736 2840 modo
759 2799 863 2841 verum
884 2779 1057 2854 inveniatur,
1084 2781 1138 2842 sed

131 2892 248 2942 tantum
276 2891 330 2954 est,
359 2899 421 2957 quo
449 2880 542 2939 modo
569 2876 717 2938 iudicetur
728 2899 737 2951 ;
771 2897 841 2938 nam
869 2889 900 2939 et
927 2899 1026 2952 omne,
1055 2880 1139 2957 quod
1154 2891 1201 2954 158

130 2977 300 3056 eloquimur
318 2976 369 3051 sic,
388 2987 422 3037 ut
441 2975 474 3037 id
495 2986 548 3035 aut
568 2995 633 3036 esse
654 2974 790 3036 dicamus
811 2986 863 3035 aut
884 2996 946 3037 non
967 2997 1040 3050 esse,
1056 2988 1095 3051 et,
1113 2975 1138 3036 si

131 3075 306 3155 simpliciter
332 3074 447 3136 dictum
476 3073 520 3147 sit,
551 3072 718 3151 suscipiunt
747 3072 905 3148 dialectici,
935 3085 968 3135 ut
995 3074 1136 3147 iudicent,

132 3193 276 3235 verumne
306 3173 344 3233 sit
375 3193 415 3234 an
446 3173 563 3245 salsum,
593 3183 632 3245 et,
660 3169 686 3231 si
713 3170 876 3233 coniuncte
905 3170 943 3232 sit
970 3174 1081 3233 elatum
1108 3183 1139 3233 et

87 3287 120 3339 30
132 3271 275 3334 adiuncta
292 3271 352 3332 sint
369 3271 435 3344 alia,
451 3268 594 3342 iudicant,
610 3280 730 3330 rectene
749 3268 893 3330 adiuncta
911 3269 970 3330 sint
988 3281 1018 3331 et
1031 3290 1139 3331 verane

132 3386 251 3432 summa
264 3368 302 3430 sit
321 3368 410 3430 unius
430 3368 577 3446 cuiusque
597 3366 727 3441 rationis,
743 3377 774 3429 et
792 3369 832 3428 ad
853 3379 1018 3429 extremum
1037 3367 1093 3447 ipsi
1107 3387 1139 3428 se

1151 2145 1192 2219 3⁸

1155 2251 1201 2301 ¹⁵7

145 3540 147 3546 ¹
164 3524 197 3572 M
205 3549 227 3567 ε
239 3523 323 3573 ΑΕΗ
405 3539 436 3573 ιο
452 3531 506 3573 tum
517 3537 576 3571 cum
587 3521 618 3571 M
684 3537 711 3571 ιι
730 3529 847 3572 auctores
858 3538 910 3572 om.
924 3519 956 3571 M
1022 3538 1051 3582 ¹⁴
1067 3515 1142 3584 quam

132 3592 238 3642 omnino
245 3588 309 3638 ΗΕ*
376 3605 409 3653 ²9
419 3604 508 3638 verum
516 3587 547 3635 M
610 3604 643 3649 30
658 3587 708 3636 alia
716 3589 801 3652 vulg.:
816 3586 935 3641 alteri'M
992 3586 1106 3637 iudicant
1113 3585 1144 3635 M

133 3654 360 3720 iudicentLvulg.
461 3652 707 3717 gruniuaqueAH
715 3669 721 3702 r
738 3651 911 3717 unicu'queE

1046 3732 1078 3784 8*
