2648 4216
81 259 116 304 10
131 257 162 316 38
454 246 512 306 M:
520 245 650 315 TVLLI
672 246 905 316 CICERONIS

177 430 266 470 usum
280 409 488 471 necessarium.
533 412 620 471 Nam·
633 413 760 471 alterum
781 410 906 472 traditur
919 409 1023 472 litteris
1037 409 1188 472 doctrina·

178 529 237 586 que
255 508 368 588 puerili,
379 547 380 552 κ
392 512 517 571 alterum
536 509 697 570 adhibetur
717 510 758 570 ob
780 529 846 570 eam
868 529 997 581 causam,
1016 520 1051 569 ut
1070 508 1188 571 intelle·

137 639 140 644 ·
176 618 261 686 gatur
283 606 357 684 quid
382 607 509 686 quisque
536 607 625 680 dicat,
650 609 733 686 quod
757 606 894 668 videmus
922 606 963 667 ita
991 627 1056 667 esse
1083 627 1188 667 neces·

131 721 162 775 39
176 705 294 779 sarium,
318 717 351 766 ut
372 717 473 765 tamen
494 725 532 765 eo
553 705 652 767 minus
673 704 748 765 nihil
769 724 834 766 esse
856 703 958 782 possit.
1003 706 1063 764 Sed
1085 703 1187 764 omnis

175 802 320 879 loquendi
337 802 490 880 elegantia,
506 823 689 880 quamquam
709 802 855 880 expolitur
869 801 994 863 seientia
1010 802 1185 875 litterarum,
1202 819 1216 868 5

176 911 276 960 tamen
291 912 415 978 augetur
430 900 565 979 legendis
584 900 750 965 oratoribus
769 911 800 962 et
818 900 933 981 poetis;
953 910 1031 970 ‚sunt
1045 899 1126 960 enim
1141 899 1187 959 illi

176 1009 298 1072 veteres,
324 998 376 1077 qui
404 1018 509 1060 ornare
536 1000 674 1058 nondum
701 1010 839 1076 poterant
862 1019 908 1070 ea,
931 1017 1009 1075 quae
1031 997 1185 1070 dicebant,

176 1115 281 1157 omnes
295 1115 389 1174 prope
407 1098 557 1173 praeclare
577 1095 691 1170 locuti3
718 1116 846 1174 quorum
864 1116 1004 1157 sermone
1017 1094 1187 1156 adsuefacti

176 1192 336 1270 quierunt,
351 1213 390 1253 ne
410 1193 566 1271 cupientes
587 1192 711 1271 quidem
731 1205 872 1271 poterunt
891 1193 975 1271 loqui
994 1191 1051 1254 nisi
1066 1191 1184 1253 Latine.

177 1291 286 1368 Neque
313 1302 414 1350 tamen
442 1290 497 1351 erit
523 1291 671 1351 utendum
693 1290 791 1353 verbis
814 1290 866 1364 eis,
891 1290 1002 1368 quibus
1030 1289 1090 1360 iam
1114 1309 1185 1350 con·
1201 1314 1230 1349 ro

176 1388 305 1447 suetudo
319 1399 420 1448 nostra
433 1408 495 1449 000
510 1388 609 1461 utitur,
626 1387 683 1449 nisi
698 1389 820 1466 quando
839 1389 966 1449 ornandi
980 1409 1070 1448 causa
1083 1408 1183 1465 parce,

177 1486 260 1562 quod
281 1487 459 1560 ostendam3
487 1487 541 1547 sed
562 1484 677 1546 usitatis
697 1485 739 1545 ita
759 1485 868 1564 poterit
887 1485 940 1559 uti,
960 1484 1128 1546 lectissimis
1151 1497 1185 1546 ut

137 1591 284 1699 11utatur,
300 1580 333 1656 is,
350 1581 402 1659 qui
421 1581 452 1642 in
466 1582 616 1644 veteribus
637 1582 692 1644 erit
709 1582 827 1661 scriptis
848 1583 982 1644 studiose
1003 1594 1033 1644 et
1053 1585 1185 1643 multum

130 1657 335 1795 4¹0¹vo.lutatus
378 1682 489 1758 Atque,
511 1691 544 1741 ut
563 1680 670 1742 Latine
690 1683 856 1759 loquamur,
879 1701 942 1742 non
961 1684 1060 1741 solum
1081 1680 1185 1742 viden-

130 1747 250 1835 ⁴⁰dum
267 1788 320 1850 est,
338 1787 372 1837 ut
391 1788 421 1838 et
439 1779 530 1839 verba
550 1780 707 1839 efferamus
728 1799 771 1851 ea,
792 1798 870 1857 quae
890 1798 982 1839 nemo
1002 1778 1066 1839 iure
1086 1799 1228 1856 repre-15

175 1872 298 1947 hendat,
320 1884 350 1934 et
374 1894 410 1934 ea
432 1874 474 1935 sic
499 1885 529 1936 et
556 1875 675 1936 casibus
703 1886 733 1936 et
760 1874 945 1953 temporibus
969 1886 1000 1936 et
1020 1896 1130 1952 genere
1152 1888 1183 1937 et

175 1987 301 2029 numero
315 1990 534 2045 conservemus,
551 1982 637 2033 utne
651 1971 725 2050 quid
739 1973 944 2051 perturbatum
958 1992 994 2033 00
1008 1972 1182 2050 discrepans

174 2075 226 2125 aut
243 2079 465 2145 praeposterum
487 2068 532 2142 sit,
551 2070 605 2130 sed
626 2069 717 2131 etiam
738 2070 838 2147 lingua
858 2080 889 2129 et
909 2069 1028 2147 spiritus
1050 2081 1080 2131 et
1098 2070 1182 2138 vocis

129 2182 160 2233 41
175 2182 266 2224 sonus
280 2175 326 2224 est
339 2164 403 2243 ipse
417 2167 626 2227 moderandus.
671 2169 753 2228 Nolo
771 2165 896 2245 exprimi
913 2166 1023 2226 litteras
1037 2167 1180 2245 putidius,

174 2262 246 2322 0010
263 2263 414 2323 obscurari
433 2264 658 2342 neglegentius,
685 2266 757 2326 0010
770 2265 865 2335 verba
881 2263 994 2325 exiliter
1013 2264 1227 2326 exanimatam

173 2358 260 2432 exire,
277 2362 349 2421 nolo
363 2359 465 2421 inflata
479 2373 508 2423 et
527 2362 612 2439 quasi
631 2364 771 2423 anhelata
788 2361 913 2441 gravius.
957 2363 1037 2422 Nam
1051 2364 1091 2422 de
1105 2383 1182 2424 voce

173 2457 310 2517 nondum
331 2477 367 2519 ea
387 2456 465 2531 dico,
488 2479 566 2537 quae
587 2470 657 2519 sunt
676 2459 811 2533 actionis,
834 2461 888 2520 sed
910 2460 977 2532 hoc,
1001 2461 1084 2537 quod
1106 2459 1181 2520 mihi

173 2573 243 2615 cum
264 2574 402 2616 sermone
423 2555 509 2633 quasi
529 2556 725 2617 coniunctum
741 2557 877 2618 videtur:
906 2567 977 2616 sunt
997 2556 1078 2618 enim
1099 2570 1182 2619 certa

172 2650 252 2726 vitia,
268 2672 346 2731 quae
366 2673 457 2714 nemo
478 2664 523 2714 est
544 2653 617 2732 quin
639 2656 767 2732 effugere
787 2653 888 2732 cupiat
899 2677 908 2730 3
936 2654 1035 2714 mollis
1049 2674 1106 2715 vox
1126 2667 1180 2717 aut

173 2749 325 2811 muliebris
348 2761 401 2811 aut
424 2750 510 2829 quasi
537 2762 618 2812 extra
640 2754 765 2812 modum
789 2752 905 2812 absona
925 2763 1017 2829 atque
1037 2753 1177 2813 absurda
1195 2775 1224 2824 ²5

126 2870 158 2920 42
174 2851 229 2910 Est
242 2861 343 2909 autem
354 2847 467 2922 vitium,
478 2851 562 2927 quod
576 2870 638 2911 non
653 2849 727 2910 nulli
741 2852 780 2910 de
794 2849 940 2910 industria
954 2861 1179 2913 consectantur:

172 2945 281 3006 rustica
295 2966 353 3007 vox
366 2958 397 3008 et
409 2946 531 3024 agrestis
545 2949 694 3026 quosdam
712 2950 850 3022 delectat,
866 2968 928 3026 quo
945 2946 1038 3026 magis
1052 2948 1180 3027 antiqui-

171 3052 271 3116 tatem,
288 3043 313 3104 si
327 3044 368 3104 ita
382 3056 476 3118 sonet,
492 3065 596 3107 eorum
611 3065 710 3107 sermo
728 3046 854 3107 retinere
867 3046 1023 3122 videatur;
1050 3058 1083 3107 ut
1097 3057 1177 3122 tuus,

171 3142 286 3214 Catule,
312 3141 431 3215 sodalis,
456 3145 489 3203 L.
517 3145 615 3217 Cotta,
639 3145 769 3222 gaudere
797 3144 871 3205 mihi
894 3144 1012 3206 videtur
1035 3144 1179 3222 gravitate

169 3237 288 3316 linguae
313 3260 449 3318 sonoque
469 3241 551 3302 vocis
575 3241 683 3320 agresti
703 3252 734 3303 et
754 3241 837 3316 illud,
858 3245 941 3319 quod
963 3242 1101 3321 loquitur,
1119 3242 1177 3321 pri-
1191 3261 1224 3310 30

168 3356 253 3400 scum
264 3335 361 3398 visum
375 3337 410 3397 iri
424 3349 517 3416 putat,
529 3339 554 3400 si
568 3342 657 3418 plane
673 3339 761 3401 fuerit
774 3339 965 3401 msticanum.
1007 3343 1060 3402 Me
1073 3351 1178 3404 autem

168 3445 237 3495 tuus
265 3454 357 3496 sonus
385 3446 416 3498 et
442 3436 590 3498 subtilitas
618 3437 675 3498 ista
704 3439 844 3508 delectat,
871 3437 978 3499 omitto
1006 3438 1174 3514 verborum,

168 3551 351 3611 quamquam
366 3545 411 3595 est
425 3545 533 3612 caput;
553 3555 656 3595 verum
670 3534 703 3596 id
717 3537 813 3597 adfert
826 3535 908 3608 rati0,
925 3538 1037 3597 docent
1050 3535 1175 3612 litterae,

307 3703 340 3737 ao
356 3688 469 3738 animata
480 3689 583 3738 Ernesti
680 3705 712 3752 24
729 3691 888 3755 quin'vulg.:
905 3692 950 3754 qui
961 3691 1029 3742 codd.
