2648 4216
434 235 492 295 DE
513 235 720 297 ORATORE
763 236 815 296 III
1138 251 1209 310 413

119 412 151 463 et
175 400 353 480 singularem
378 400 553 479 pertulimus
576 421 613 462 ac
637 400 795 476 sensimus,
816 401 960 482 cogitanti
980 402 1128 465 sententia

121 518 211 577 saepo
226 508 277 558 tua
291 518 359 559 vera
373 518 408 559 ac
423 497 541 577 sapiens
555 497 648 559 videri
667 501 754 574 solet,
768 498 821 579 qui
835 511 955 579 propter
969 512 1014 562 tot
1028 512 1127 563 tantos

122 607 183 656 tam
198 594 426 674 praecipitisque
440 615 526 656 casus
541 595 770 657 clarissimorum
791 597 949 658 hominum
969 609 1060 676 atque
1076 619 1128 678 op

122 692 264 754 timorum
278 691 407 753 virorum
423 713 472 753 me
486 713 604 773 semper
621 696 661 756 ab
681 695 765 755 omni
780 695 973 758 contentione
990 717 1026 758 ac
1043 695 1128 759 dimi·

93 802 107 853 5
122 788 241 851 catione
255 787 374 872 [animi]
391 789 543 851 revocasti
585 793 646 852 Sed
661 791 804 870 quoniam
819 794 894 854 haec
909 792 968 854 iam
982 813 1082 872 neque
1095 793 1127 854 in
1143 815 1173 864 ¹⁴

122 886 237 964 integro
257 886 345 947 nobis
366 905 431 947 esse
448 898 575 965 possunt
594 899 625 949 et
644 889 754 950 summi
773 891 891 951 labores
908 890 1002 951 nostri
1020 910 1128 969 magna

121 982 309 1061 compensati
327 983 420 1062 gloria
435 982 614 1062 mitigantur,
630 1005 788 1064 pergamus
805 988 845 1048 ad
863 1007 900 1048 ea
916 987 1036 1063 solacia,
1050 1007 1128 1065 quae

122 1099 185 1140 non
207 1081 300 1141 modo
319 1078 429 1141 sedatis
444 1080 588 1142 molestiis
603 1080 743 1155 iucunda,
759 1085 813 1144 sed
833 1083 923 1144 etiam
937 1083 1128 1145 haerentibus

122 1176 261 1237 salutaria
283 1176 372 1238 nobis
396 1196 462 1238 esse
485 1177 613 1256 possint,
633 1198 864 1259 sermonemque
888 1182 921 1241 L.
945 1181 1045 1243 Crassi
1066 1180 1129 1242 reli·

80 1295 110 1331 ro
123 1294 217 1352 quum
236 1294 272 1335 ac
288 1293 385 1353 paene
406 1285 591 1353 postremum
612 1275 774 1337 memoriae
794 1279 967 1357 prodamus,
981 1290 1071 1360 atque
1090 1277 1126 1351 ei,

122 1370 147 1431 si
172 1390 363 1449 nequaquam
384 1391 488 1450 parem
513 1371 590 1433 illius
614 1372 745 1451 ingenio,
767 1385 798 1434 at
822 1394 876 1453 pro
900 1387 1003 1437 nostro
1027 1387 1128 1437 tamen

122 1468 223 1529 studio
257 1468 393 1530 meritam
420 1469 544 1547 gratiam
572 1469 766 1552 debitamque
794 1474 963 1533 reseramus.
1021 1475 1129 1552 Neque
1145 1489 1173 1540 15

122 1566 204 1628 enirn
231 1566 391 1646 quisquam
415 1577 561 1643 nostrum,
582 1588 653 1628 curn
677 1567 769 1630 libros
797 1569 930 1631 Platonis
958 1570 1130 1632 mirabiliter

123 1665 249 1745 scriptos
269 1665 348 1744 legit,
365 1665 396 1726 in
417 1665 527 1745 quibus
548 1666 689 1728 omnibus
709 1668 771 1729 iere
793 1670 929 1730 Socrates
949 1669 1128 1749 exprimitur,

79 1789 110 1841 ¹5
124 1785 194 1837 non,
221 1783 404 1842 quamquam
433 1763 483 1825 illa
507 1763 617 1843 scripta
640 1776 710 1826 sunt
732 1763 883 1840 divinitus,
910 1777 1011 1827 tamen
1034 1767 1130 1827 maius

124 1861 270 1939 quiddam
297 1863 337 1923 de
364 1861 424 1935 illo,
451 1863 491 1923 de
515 1882 576 1941 quo
601 1862 710 1940 scripta
731 1874 809 1937 sunt,
834 1862 1018 1943 suspicatur3
1046 1864 1130 1943 quod

123 1959 197 2022 item
219 1980 275 2021 nos
299 1961 486 2038 postulamus
510 1981 573 2022 non
594 1981 613 2021 a
637 1973 667 2022 te
689 1961 823 2041 quidem,
845 1961 898 2041 qui
918 1962 1006 2024 nobis
1028 1961 1130 2023 omnia

124 2080 243 2121 summa
263 2058 376 2133 tribuis,
396 2060 450 2120 sed
470 2080 489 2120 a
510 2059 625 2135 ceteris,
646 2057 699 2138 qui
721 2062 796 2122 haec
819 2059 850 2122 in
871 2081 978 2123 manus
1000 2071 1129 2136 sument,

126 2157 222 2218 maius
246 2168 280 2218 ut
301 2157 446 2236 quiddam
467 2158 506 2218 de
528 2160 561 2218 L.
584 2158 703 2232 Crasso,
720 2177 812 2236 quam
833 2169 980 2238 quantum
1000 2179 1019 2220 a
1041 2157 1129 2219 nobis

83 2278 114 2314 κο
127 2255 313 2335 exprimetur,
331 2253 526 2333 suspicentur.
571 2257 636 2316 Nos
657 2254 748 2329 enim,
764 2255 816 2334 qui
836 2254 894 2334 ipsi
915 2255 1045 2318 sermoni
1067 2259 1174 2316 non16

126 2353 361 2416 interfuissemus
386 2363 416 2414 et
437 2352 546 2432 quibus
569 2354 603 2415 C.
627 2354 718 2416 Cotta
739 2364 855 2414 tantum
877 2356 970 2416 modo
990 2357 1074 2416 locos
1094 2374 1130 2415 ac

125 2450 287 2513 sententias
301 2451 390 2512 huius
404 2450 615 2531 disputationis
632 2450 810 2524 tradidisset,
826 2471 888 2530 quo
902 2451 934 2513 in
947 2472 1055 2530 genere
1069 2471 1131 2513 ora·

125 2551 215 2613 tionis
236 2563 396 2630 utrumque
418 2562 566 2613 oratorem
587 2568 832 2628 cognoveramus,
853 2548 885 2610 id
906 2548 1005 2628 ipsum
1027 2569 1130 2610 sumus

125 2650 157 2709 in
172 2669 275 2711 eorum
293 2669 431 2712 sermone
444 2649 623 2711 adumbrare
639 2645 761 2708 conati:
782 2647 866 2725 quod
879 2645 905 2708 si
919 2646 986 2725 quis
1000 2646 1063 2720 erit,
1079 2645 1131 2725 qui

81 2764 112 2815 25
126 2750 235 2809 ductus
256 2746 399 2825 opinione
420 2745 500 2825 vulgi
517 2758 569 2807 aut
588 2744 756 2806 Antonium
777 2742 953 2805 ieiuniorem
974 2754 1026 2805 aut
1047 2745 1131 2806 Cras-

126 2864 193 2904 sum
214 2843 380 2923 pleniorem
394 2844 486 2906 fuisse
500 2855 592 2924 putet,
609 2864 701 2924 quam
718 2862 781 2921 quo
800 2843 893 2903 modo
909 2861 928 2902 a
946 2840 1034 2902 nobis
1056 2851 1131 2902 uter·

126 2961 185 3020 que
205 2941 346 3003 inductus
368 2952 421 3014 est,
442 2939 467 3001 is
488 2940 542 3002 erit
561 2961 598 3002 ex
618 2941 670 3014 eis,
691 2939 743 3020 qui
764 2948 816 3000 aut
835 2937 901 2999 illos
923 2959 985 2999 non
1004 2937 1130 3000 audierit

125 3050 177 3099 aut
204 3037 335 3100 iudicare
362 3057 425 3099 non
453 3038 566 3117 possit;
601 3059 671 3099 nam
702 3038 758 3099 fuit
789 3047 921 3115 uterque,
946 3047 980 3096 ut
1007 3034 1131 3114 exposui

125 3146 222 3210 antea,
237 3156 307 3197 cum
326 3135 427 3197 studio
446 3146 537 3215 atque
553 3135 674 3216 ingenio
693 3147 723 3196 et
742 3134 879 3197 doctrina
894 3144 1047 3212 praestans
1068 3152 1131 3194 om·

81 3252 114 3302 30
126 3232 225 3308 nibus,
245 3244 310 3294 tum
331 3232 363 3292 in
385 3253 441 3294 suo
462 3253 570 3312 genere
592 3236 749 3311 perfectus,
767 3244 801 3294 ut
823 3251 922 3311 neque
943 3230 974 3291 in
995 3229 1130 3292 Antonio

126 3331 243 3391 deesset
257 3329 307 3390 hic
321 3341 443 3391 omatus
457 3330 599 3391 orationis
613 3349 712 3409 neque
726 3329 758 3391 in
773 3331 882 3392 Crasso
896 3329 1084 3390 redundaret.

160 3483 319 3535 M=AEH
381 3486 491 3546 5animi
503 3485 545 3536 H:
563 3501 614 3534 om.
628 3484 724 3534 AEm:
741 3485 818 3534 nimia
829 3484 924 3550 Stangl
995 3485 1131 3548 9possint

128 3549 172 3597 M:
194 3557 304 3612 possunt
315 3550 384 3613 vulg.
462 3564 492 3611 15
510 3566 623 3600 nonam.
636 3550 668 3598 M
708 3551 814 3599 illaom.
828 3549 861 3598 M
933 3567 967 3599 ao
984 3565 1130 3600 sermonem

126 3613 192 3663 AE:
211 3631 341 3676 sermoga
424 3632 456 3664 aa
473 3631 524 3678 quo
536 3616 573 3664 uti
586 3631 683 3677 genere
694 3615 794 3664 Rr'clrm
875 3619 907 3666 26
924 3616 1026 3665 anobis
1038 3632 1088 3667 om.
1101 3614 1132 3664 M

128 3694 158 3740 27
177 3680 305 3729 audierint
316 3686 339 3728 rt
349 3681 450 3743 possint
461 3681 528 3744 vulg.
542 3697 548 3729 :
566 3697 625 3730 corr.
637 3680 732 3748 Stangl
