2648 4216
437 249 496 310 DE
517 247 725 311 ORATORE
767 247 819 308 111
1145 259 1184 322 25
1196 268 1245 310 roo

123 416 232 479 timum
245 428 292 478 est
301 437 310 492 ;
331 436 394 494 quo
408 416 467 476 hoc
481 413 581 475 minus
595 413 626 474 in
641 413 775 475 oratione
795 413 936 476 miremur
954 413 986 475 in
1005 433 1065 493 qua
1083 414 1131 475 vel

122 534 161 574 ex
180 513 278 593 poetis
296 515 344 573 vel
362 511 529 573 oratoribus
549 530 709 589 possumus
728 510 860 573 iudicare
879 510 1069 587 concinnam,
1088 509 1132 573 di-

124 611 438 687 stinctam,.omatam,
455 609 600 684 festivam,
619 609 684 669 sine
705 608 935 684 intermissione,
951 609 1016 670 sine
1036 629 1133 688 repre·

123 709 280 785 hensione,
298 709 364 770 sine
384 707 533 781 varietate,
556 707 693 786 quamvis
713 706 799 768 claris
821 706 859 767 sit
879 706 1030 769 coloribus
1051 707 1137 786 picta

96 834 111 884 5
124 808 172 868 vel
185 806 285 885 poesis
298 809 346 867 vel
360 805 464 879 orati0,
476 825 539 866 non
549 824 640 884 posse
650 803 682 865 in
693 804 893 866 delectatione
903 825 969 866 esse
980 805 1128 867 diuturna

124 908 226 982 Atque
240 924 277 965 eo
291 903 379 964 citius
397 902 429 964 in
448 902 572 965 oratoris
590 913 644 963 aut
661 901 694 962 in
712 914 820 981 poetae
839 901 986 963 cincinnis
1004 923 1040 963 ac
1060 905 1131 965 fuco

124 1001 292 1075 offenditur,
322 1003 406 1079 quod
433 1021 539 1061 sensus
567 999 599 1060 in
626 999 721 1060 nimia
747 1002 901 1078 voluptate
929 1011 1044 1075 natura,
1067 1020 1131 1061 non

124 1112 225 1161 mente
239 1099 383 1160 satiantur
392 1121 400 1173 3
421 1097 452 1159 in
467 1097 583 1177 scriptis
597 1109 627 1158 et
644 1097 675 1157 in
693 1097 780 1159 dictis
801 1119 863 1158 non
883 1098 1000 1159 aurium
1021 1100 1128 1172 solum,

123 1199 178 1258 sed
200 1195 295 1257 animi
318 1195 431 1257 iudicio
458 1194 549 1256 etiarn
577 1193 671 1272 magis
698 1193 830 1254 infucata
856 1194 928 1254 vitia
955 1206 1126 1256 noscuntur.
1141 1239 1184 1300 26

81 1319 112 1356 ιο
125 1297 195 1372 Qua
210 1314 242 1354 re
265 1295 360 1354 ‘bene
380 1304 411 1354 et
430 1293 597 1371 praeclare'
617 1290 753 1369 quamvis
775 1290 863 1352 nobis
884 1312 974 1369 saepe
994 1291 1187 1382 dicatur,¹0¹

125 1392 221 1452 ‘belle
239 1402 270 1451 et
287 1389 408 1451 festive'
426 1389 554 1450 nimium
573 1408 663 1467 saepe
681 1391 753 1449 nolo
763 1411 772 1463 3
793 1409 976 1466 quamquam
995 1389 1046 1450 illa
1063 1389 1129 1468 ipsa

123 1486 300 1549 exclamatio
313 1492 392 1547 ‘non
406 1496 505 1564 potest
519 1485 642 1546 melius'
657 1485 695 1544 sit
705 1485 795 1545 velim
809 1486 931 1560 crebra;
951 1487 1005 1547 sed
1020 1485 1129 1547 habeat

123 1597 224 1646 tamen
245 1585 296 1646 illa
316 1584 349 1646 in
370 1583 502 1646 dicendo
523 1584 682 1645 admiratio
702 1604 740 1645 ac
761 1604 880 1644 summa
903 1585 968 1644 laus
992 1586 1129 1645 umbram

124 1684 255 1762 aliquam
269 1694 300 1744 et
313 1703 474 1758 recessum,
488 1702 550 1760 quo
565 1681 658 1760 magis
675 1681 715 1756 id,
731 1683 815 1759 quod
835 1681 890 1742 erit
908 1680 1129 1757 inluminatum,

82 1805 112 1856 15
125 1792 239 1842 exstare
272 1791 363 1858 atque
394 1780 526 1842 eminere
553 1779 695 1840 videatur.
753 1780 928 1857 Numquam
960 1778 1021 1857 agit
1047 1782 1129 1841 hunc
1144 1799 1191 1838 roa

125 1897 243 1938 versum
259 1876 388 1939 Roscius
402 1897 440 1938 eo
452 1887 549 1955 gestu,
562 1897 625 1956 quo
638 1887 754 1956 potest:
863 1884 865 1887 '

165 1996 236 2037 nam
257 1975 376 2054 sapiens
396 1975 497 2036 virtuti
517 1976 663 2036 honorem
684 1974 860 2056 praemium,
884 1975 966 2036 haud
987 1974 1130 2052 praedam

245 2072 338 2152 petit:

124 2173 179 2233 sed
193 2170 285 2233 abicit
298 2190 427 2250 prorsus,
443 2181 476 2232 ut
490 2168 521 2230 in
535 2169 690 2249 proximo:

80 2293 113 2331 ao
166 2281 212 2332 set
225 2268 299 2348 quid
312 2269 424 2331 video?
465 2271 556 2330 Feno
569 2279 690 2347 saeptus
703 2267 838 2348 possidet
851 2267 932 2330 sedis
946 2288 1051 2342 sacras,

125 2367 248 2443 incidat,
261 2365 394 2445 aspiciat,
410 2365 580 2440 admiretur,
597 2376 757 2444 stupescat
800 2365 892 2444 Quid,
908 2365 958 2426 ille
971 2367 1046 2426 alter

165 2466 240 2544 quid
253 2476 354 2544 petam
368 2464 520 2544 praesidi?

125 2582 216 2641 quam
231 2562 343 2637 leniter,
357 2581 448 2640 quarn
462 2561 593 2636 remisse,
606 2581 698 2640 quam
708 2583 771 2624 non
785 2566 927 2624 actuose!
947 2561 1038 2624 instat
1049 2561 1130 2624 enim

166 2682 187 2723 o
199 2671 291 2740 pater,
307 2680 327 2722 ο
340 2658 443 2739 patria,
459 2679 479 2721 o
493 2657 604 2720 Priami
617 2661 727 2721 domus
740 2664 747 2721 l

81 2779 111 2832 ¹⁵
125 2757 158 2818 in
181 2778 243 2836 quo
270 2769 354 2818 tanta
377 2755 560 2818 commoveri
583 2755 664 2818 actio
687 2776 750 2818 non
774 2766 884 2833 posset,
909 2756 935 2818 si
959 2768 1038 2819 esset
1061 2776 1131 2819 con·

125 2868 245 2935 sumpta
272 2855 424 2934 superiore
451 2865 536 2915 motu
560 2864 591 2916 et
614 2855 765 2915 exhausta.
819 2857 928 2934 Neque
956 2853 988 2916 id
1013 2865 1130 2917 actores

123 2953 206 3033 prius
222 2953 361 3016 viderunt
379 2972 470 3032 quam
492 2949 549 3031 ipsi
569 2962 685 3030 poetae,
701 2970 793 3029 quam
814 2951 946 3030 denique
966 2950 1009 3012 illi
1028 2951 1128 3028 etiam,

124 3051 178 3130 qui
192 3055 328 3114 fecerunt
348 3053 464 3125 modos,
479 3070 499 3111 a
514 3048 625 3128 quibus
643 3048 776 3127 utrisque
794 3048 988 3110 summittitur
1005 3048 1128 3129 aliquid,

124 3150 235 3212 deinde
257 3162 389 3229 augetur,
412 3161 595 3224 extenuatur,
620 3149 748 3223 inflatur,
771 3148 906 3222 variatur,
928 3146 1126 3226 distinguitur.

80 3263 112 3314 30
126 3250 174 3308 Ita
198 3248 236 3309 sit
259 3248 347 3310 nobis
371 3247 459 3326 igitur
482 3258 605 3309 omatus
629 3257 660 3307 et
683 3246 782 3307 suavis
806 3257 1003 3307 orator-nec
1027 3256 1129 3308 tamen
1142 3271 1190 3323 103

125 3356 225 3423 potest
244 3346 329 3408 aliter
352 3356 492 3407 esse-ut
514 3344 689 3405 suavitatem
712 3345 821 3405 habeat
843 3354 991 3405 austeram
1012 3354 1042 3403 et
1062 3342 1129 3404 soli·

126 3443 204 3514 dam,
221 3462 283 3503 non
298 3445 417 3503 dulcem
432 3453 523 3520 atque
537 3443 702 3502 decoctam.
733 3442 813 3501 Nam
828 3438 893 3517 ipsa
906 3442 945 3500 ad
959 3441 1128 3500 ornandum

161 3609 192 3710 33
199 3599 325 3709 maimo
338 3593 430 3708 &iim
437 3657 448 3707 1
469 3593 601 3656 proximos
612 3591 681 3643 codd.
791 3606 826 3641 ao
842 3598 881 3642 set
892 3592 954 3655 quid
965 3591 1084 3660 Ribbeck:
1100 3599 1129 3644 et

126 3675 169 3723 qur
260 3677 283 3709 .:
300 3675 374 3722 ecqur
404 3675 472 3730 aug.
