2648 4216
93 245 191 307 50195
485 231 529 289 M.
552 229 680 301 Tuum
703 229 937 290 crcuuours

207 396 311 472 menti,
322 408 385 457 tum
401 399 497 458 multo
511 399 674 458 ostendunt
686 396 779 474 magis
793 396 825 456 in
838 398 1008 473 verborum,
1019 415 1215 458 numerorum

207 513 377 572 vocumque
405 493 518 554 iudicio
528 517 537 568 ;
562 496 646 572 quod
668 514 704 554 ea
732 493 857 554 suntin
881 493 1095 555 communibus
1122 493 1217 554 infixa

208 589 345 651 sensibus
359 611 417 650 nec
431 611 533 650 earum
548 611 645 650 rerum
663 610 847 668 quemquam
864 589 1000 650 funditus
1021 603 1127 651 natura
1147 610 1216 651 esse

145 691 193 758 ¹9⁶
207 687 302 747 voluit
329 698 488 765 expertem.
547 689 655 767 Itaque
678 706 741 747 non
770 689 868 747 solum
895 686 993 748 verbis
1021 699 1084 748 arte
1108 686 1216 765 positis

208 795 365 844 moventur
376 804 492 860 omnes,
500 805 604 846 verum
614 784 705 845 etiam
718 784 850 845 numeris
864 804 901 845 ac
914 783 1048 845 vocibus.
1092 786 1215 860 Quotus
1229 800 1243 851 5

207 882 288 942 enim
308 881 436 961 quisque
458 892 504 942 est
526 881 579 961 qui
602 893 702 942 teneat
722 893 817 942 artem
838 902 1033 943 numerorum
1052 901 1089 942 ac
1110 882 1216 942 modo

208 982 298 1039 rum?
346 981 388 1039 At
415 978 446 1039 in
471 979 514 1040 eis
538 979 564 1039 si
591 982 715 1057 paulum
742 980 837 1039 modo
861 981 1010 1040 offensum
1032 991 1086 1052 est,
1108 991 1142 1038 ut
1162 988 1216 1038 aut

208 1075 413 1138 contractione
432 1076 551 1137 brevius
565 1077 649 1136 fieret
662 1089 714 1136 aut
734 1074 933 1154 productione
952 1074 1080 1154 longius,
1099 1077 1216 1135 theatra

209 1186 273 1237 tota
294 1178 464 1236 reclamant.
519 1174 613 1251 Quid,
636 1176 694 1234 hoc
716 1195 779 1234 non
804 1173 885 1234 idem
910 1177 944 1235 fit
968 1174 1000 1234 in
1023 1173 1157 1247 vocibus,
1181 1183 1216 1232 ut

181 1293 227 1374 1a
241 1272 433 1333 multitudine
444 1284 474 1333 et
484 1274 598 1350 populo
612 1293 675 1332 non
686 1274 779 1333 modo
793 1283 929 1334 catervae
938 1283 1030 1350 atque
1038 1283 1213 1344 concentus
1230 1294 1261 1330 10

148 1419 195 1474 197
209 1371 263 1431 sed
278 1370 368 1430 etiam
382 1369 438 1447 ipsi
456 1369 513 1429 sibi
527 1369 635 1447 singuli
649 1369 852 1447 discrepantes
866 1368 1032 1430 eiciantur?
1075 1366 1216 1428 Mirabile

209 1479 265 1543 est,
288 1488 358 1528 cum
386 1466 547 1545 plurimum
571 1466 603 1526 in
631 1466 771 1527 faciendo
795 1465 909 1527 intersit
937 1466 1014 1526 inter
1036 1467 1160 1526 doctum
1186 1476 1217 1525 et

209 1566 326 1640 rudem,
340 1584 432 1643 quam
446 1584 508 1624 non
523 1566 652 1624 multum
666 1563 783 1624 differat
797 1563 828 1623 in
847 1562 1018 1625 iudicando.
1062 1566 1119 1622 Ars
1133 1561 1216 1622 enim

209 1683 280 1723 cum
301 1683 319 1722 a
339 1673 445 1722 natura
466 1663 599 1740 prosecta
620 1660 665 1734 sit,
686 1659 744 1721 nisi
758 1672 864 1721 natura
881 1672 1000 1721 moveat
1017 1680 1054 1720 ac
1075 1660 1213 1733 delectet,

209 1760 284 1821 nihil
305 1779 377 1820 sane
394 1757 489 1836 egisse
508 1757 663 1833 videatur3
682 1757 757 1817 nihil
777 1769 823 1818 est
844 1769 945 1818 autem
968 1767 1031 1817 tam
1051 1769 1215 1834 cognatum
1232 1781 1262 1833 15

210 1857 361 1918 mentibus
389 1856 497 1916 nostris
525 1875 617 1932 quam
645 1854 763 1915 numeri
790 1865 882 1932 atque
908 1874 1017 1928 voces;
1046 1853 1158 1931 quibus
1186 1865 1218 1914 et

209 1955 372 2017 excitamur
387 1965 416 2014 et
430 1952 619 2014 incendimur
633 1963 663 2013 et
683 1953 812 2013 lenimur
833 1964 863 2012 et
883 1951 1103 2030 languescimus
1125 1962 1156 2012 et
1177 1952 1219 2012 ad

210 2052 386 2113 hilaritatem
412 2062 442 2111 et
461 2052 502 2111 ad
521 2049 669 2110 tristitiam
688 2070 778 2129 saepe
799 2050 996 2126 deducimur;
1017 2070 1145 2128 quorum
1167 2048 1220 2110 illa

210 2170 328 2211 summa
341 2150 384 2209 vis
399 2148 580 2209 carminibus
597 2158 642 2208 est
660 2149 758 2226 aptior
778 2159 808 2208 et
827 2148 975 2223 cantibus,
994 2167 1057 2208 non
1070 2150 1218 2225 neglecta,

210 2259 243 2308 ut
267 2247 341 2307 mihi
363 2246 488 2320 videtur,
517 2266 536 2306 a
563 2248 666 2306 Numa
692 2266 761 2324 rege
789 2245 965 2307 doctissimo
993 2244 1220 2323 maioribusque
1236 2270 1268 2306 ro

210 2343 326 2419 nostris,
343 2354 376 2403 ut
390 2345 545 2422 epularum
559 2343 751 2403 sollemnium
766 2344 841 2404 fides
855 2363 891 2403 ac
903 2341 994 2403 tibiae
1008 2341 1221 2420 Saliorumque

210 2461 312 2503 versus
326 2440 460 2501 indicant
469 2463 478 2516 3
499 2439 628 2500 maxime
647 2452 781 2500 autema
796 2438 922 2501 Graecia
938 2451 1037 2501 vetere
1058 2439 1218 2500 celebrata„

211 2538 331 2616 Quibus
351 2537 466 2598 utinam
489 2536 696 2614 similibusque
721 2538 760 2598 de
785 2537 873 2598 rebus
898 2536 1043 2616 disputari
1064 2556 1157 2614 quam
1178 2538 1221 2598 de

149 2647 196 2713 198
210 2635 372 2714 puerilibus
384 2637 430 2694 his
444 2634 603 2695 verborum
613 2634 856 2695 translationibus
871 2633 1067 2695 maluissetis!
1102 2636 1221 2694 Verum

210 2743 244 2793 ut
264 2732 296 2792 in
316 2752 402 2793 versu
423 2734 539 2810 vulgus,
561 2731 586 2792 si
607 2742 652 2792 est
669 2744 835 2811 peccatum,
859 2731 947 2806 videt,
970 2731 1021 2806 sic,
1044 2730 1069 2791 si
1090 2730 1164 2809 quid
1186 2730 1221 2792 in
1237 2757 1266 2808 25

211 2843 312 2892 nostra
332 2829 467 2891 oratione
488 2829 645 2903 claudicat,
668 2830 776 2905 sentit3
797 2832 852 2891 sed
871 2840 979 2908 poetae
997 2849 1060 2890 non
1079 2828 1219 2908 ignoscit,

211 2929 299 2990 nobis
323 2927 481 2989 concedit:
503 2927 585 2988 taciti
605 2939 707 2989 tamen
730 2948 835 2990 omnes
856 2948 919 2988 non
941 2948 1006 2988 esse
1027 2927 1109 3002 illud,
1133 2930 1220 3005 quod

211 3025 348 3101 diximus,
363 3038 467 3104 aptum
483 3027 709 3104 perlectumque
724 3037 858 3087 cernunt.
903 3028 1011 3103 Itaque
1028 3024 1071 3085 illi
1091 3036 1218 3100 veteres,

211 3123 288 3185 sicut
310 3124 401 3185 hodie
426 3124 516 3185 etiam
541 3144 603 3185 non
628 3126 727 3185 nullos
748 3123 893 3198 videmus
916 3143 986 3184 cum
1008 3121 1166 3183 circuitum
1188 3134 1221 3185 et

245 3279 279 3328 M
288 3304 309 3322 =
321 3279 405 3328 ΑΕΗ
568 3296 579 3328 1
598 3288 651 3329 tum
663 3281 743 3329 multo
763 3280 831 3343 vulg.
844 3297 850 3328 ι
876 3294 925 3328 om.
938 3296 982 3327 m:
1008 3284 1062 3326 tum
1074 3277 1182 3327 multum
1194 3277 1218 3327 L

212 3345 407 3395 ostenderintL
523 3346 601 3394 verbo
614 3345 647 3392 M
758 3362 774 3407 3
792 3361 878 3394 rerum
894 3360 944 3393 om.
958 3342 991 3391 M
1103 3358 1117 3403 7
1136 3344 1163 3391 in
1176 3344 1220 3393 his

212 3411 265 3459 Lm
374 3427 405 3459 10
423 3418 564 3459 conventus
575 3408 633 3458 EeL
744 3427 771 3459 11
791 3409 898 3472 singulis
911 3407 944 3456 M
1049 3423 1079 3468 14
1096 3425 1112 3456 a
1124 3424 1175 3457 om.
1189 3407 1224 3456 M

213 3483 329 3525 naturam
341 3475 364 3523 L
482 3491 512 3536 17
530 3476 703 3524 exercitamur
714 3474 769 3523 HA
887 3475 1004 3522 limamur
1015 3471 1048 3519 M
1186 3490 1220 3523 πο

213 3542 351 3591 maioribus
365 3547 393 3590 ut
409 3539 442 3588 M
537 3556 569 3601 23
587 3543 619 3589 de
634 3556 684 3590 om.
704 3539 738 3587 M
833 3555 864 3602 27
883 3540 960 3588 tacite
974 3537 996 3585 Ι.
1014 3537 1080 3602 vulg.
1187 3555 1221 3601 ²9

212 3607 332 3656 circulum
345 3605 378 3654 M
