2648 4216
81 253 156 302 2181
450 245 493 306 M.
516 246 645 306 TVLLI
667 246 902 309 CICERONIS

173 411 222 487 sit,
235 423 269 474 ut
283 412 423 475 omnibus
437 411 685 492 philosophorum
699 410 789 487 libris,
805 431 882 490 quos
897 431 988 472 nemo
1004 407 1185 495 [oratorum]

120 554 160 600 Μ
173 507 297 568 istorum
311 529 455 588 umquam
469 508 574 587 attigit,
589 511 807 587 comprehensa
820 528 886 570 esse
899 507 1053 570 videatur.'

127 637 158 686 3,
213 608 294 666 Tum
323 607 447 668 Catulus
477 607 727 684 ‘haudquaquam
755 607 894 667 hercule’
921 605 1019 684 inquit
1046 608 1183 681 ‘Crasse

172 700 341 764 mirandum
363 714 409 763 est
430 723 495 764 esse
516 701 548 761 in
569 713 599 764 te
619 713 733 763 tantam
754 702 877 764 dicendi
897 705 944 764 vel
965 703 1026 764 vim
1046 706 1094 765 vel
1119 723 1186 764 sua·

171 798 294 861 vitatem
314 802 361 861 vel
382 800 501 878 copiam
511 822 520 875 ;
547 819 638 878 quern
659 799 783 878 quidem
804 811 893 861 antea
912 812 1019 861 natura
1039 801 1127 862 rebar
1143 801 1212 872 itas

171 896 281 971 dicere,
294 907 329 957 ut
343 895 416 957 mihi
430 916 493 957 non
507 898 604 957 solum
622 907 721 959 orator
738 916 885 971 summus,
898 899 952 957 sed
963 896 1053 958 etiam
1067 896 1185 976 sapien-

170 993 302 1054 tissimus
316 996 410 1054 homo
423 993 574 1068 viderere;
602 1014 683 1054 nunc
696 993 837 1072 intellego
852 992 902 1054 illa
915 1004 946 1053 te
959 1013 1077 1072 semper
1091 994 1183 1056 etiam

170 1091 287 1170 potiora
301 1091 430 1168 duxisse,
446 1112 523 1169 quae
536 1093 576 1153 ad
590 1090 766 1171 sapientiam
786 1102 962 1170 spectarent,
977 1102 1070 1170 atque
1083 1111 1121 1152 ex
1136 1092 1183 1152 his

170 1191 249 1250 hanc
259 1188 381 1251 dicendi
392 1189 510 1267 copiam
526 1188 652 1249 fluxisse.
684 1190 744 1250 Sed
759 1200 859 1250 tamen
873 1209 944 1250 cum
958 1188 1056 1250 omnis
1070 1192 1182 1268 gradus

169 1287 274 1348 aetatis
298 1290 437 1349 recordor
459 1298 528 1348 tuae
552 1305 682 1366 cumque
704 1287 796 1348 vitam
821 1298 903 1347 tuam
930 1307 967 1348 ac
989 1287 1089 1348 studia
1109 1307 1227 1348 con-10

170 1384 277 1459 sidero,
293 1405 400 1463 neque,
416 1404 478 1463 quo
495 1396 628 1464 tempore
647 1384 704 1446 ista
721 1384 869 1459 didiceris,
884 1383 981 1458 video,
998 1405 1055 1445 nec
1068 1403 1182 1462 magno

170 1503 261 1561 opere
281 1493 311 1544 te
332 1482 395 1544 istis
416 1481 532 1559 studiis,
553 1482 736 1558 hominibus,
760 1482 843 1544 libris
866 1481 1008 1560 intellego
1031 1482 1180 1544 deditum.

72 1591 75 1594 ⁴
170 1582 280 1659 Neque
300 1590 402 1641 tamen
422 1600 545 1659 possum
566 1591 703 1655 statuere,
725 1591 825 1640 utrum
845 1578 940 1658 magis
961 1579 1049 1641 mirer
1069 1591 1099 1641 te
1120 1581 1180 1655 illa,

171 1699 249 1756 quae
271 1678 345 1739 mihi
367 1680 528 1757 persuades
549 1677 678 1740 maxima
698 1698 764 1739 esse
784 1677 969 1753 adiumenta,
992 1677 1126 1756 potuisse
1148 1677 1181 1738 in

170 1775 260 1836 tantis
284 1775 343 1837 tuis
365 1774 612 1854 occupationibus
636 1774 812 1854 perdiscere,
834 1795 881 1849 an,
905 1774 930 1835 si
952 1795 1015 1835 nou
1036 1774 1180 1854 potueris,
1197 1797 1225 1848 ¹5

124 1875 156 1938 83
171 1892 260 1950 posse
287 1871 346 1932 isto
373 1872 467 1932 modo
494 1871 612 1932 dicere!
654 1871 716 1932 Hic
739 1873 864 1934 Crassus
891 1874 966 1933 ‘hoc
988 1871 1059 1932 tibi’
1081 1871 1181 1952 inquit

171 1970 305 2042 ‘Catule
329 1969 458 2047 primurn
482 1970 662 2047 persuadeas
685 1968 784 2043 velim,
808 1988 857 2030 me
881 1988 944 2030 non
972 1970 1068 2030 multo
1091 1989 1181 2031 secus

168 2067 274 2139 facere,
290 2086 360 2127 cum
381 2067 420 2127 de
441 2077 557 2127 oratore
577 2066 736 2146 disputem,
755 2086 791 2127 ac
809 2068 946 2141 facerem,
963 2065 988 2127 si
1007 2077 1086 2128 esset
1104 2067 1181 2129 mihi

168 2164 208 2222 de
231 2161 375 2224 histrione
400 2162 571 2224 dicendum.
615 2166 764 2242 Negarem
789 2163 870 2225 enirn
895 2183 985 2242 posse
1012 2185 1082 2226 curn
1107 2165 1180 2226 satis

167 2261 264 2321 facere
291 2258 322 2319 in
353 2271 447 2338 gestu,
476 2258 533 2320 nisi
565 2262 751 2340 palaestram,
781 2257 839 2322 nisi
869 2263 977 2323 saltare
1003 2259 1158 2322 didicisset
1170 2283 1180 2336 ;
1194 2281 1224 2316 πο

167 2377 274 2436 neque,
291 2378 328 2418 ea
345 2378 416 2419 cum
435 2357 574 2432 dicerem,
595 2379 645 2420 me
666 2379 731 2420 esse
751 2357 928 2420 histrionem
946 2379 1069 2421 necesse
1088 2371 1177 2435 esset,

168 2457 222 2516 sed
256 2458 381 2517 sortasse
415 2476 477 2517 non
511 2459 635 2517 stultum
669 2455 759 2517 alieni
795 2455 901 2518 artifici
934 2455 1176 2519 existimatorem.

123 2553 153 2615 84
168 2553 309 2615 Similiter
330 2574 412 2614 nunc
433 2555 473 2615 de
500 2564 616 2615 oratore
640 2565 738 2614 vestro
762 2553 892 2632 impulsu
917 2555 1033 2633 loquor,
1056 2575 1178 2616 summo

167 2652 298 2727 scilicet;
328 2672 445 2731 semper
472 2652 562 2726 enim,
588 2670 779 2731 quacumque
803 2654 843 2714 de
866 2664 929 2714 arte
955 2664 1009 2714 aut
1035 2654 1178 2714 facultate

167 2748 325 2826 quaeritur,
345 2753 384 2811 de
404 2751 542 2810 absoluta
562 2760 592 2809 et
612 2753 744 2829 perfecta
764 2750 867 2829 quaeri
887 2753 971 2812 solet
1016 2752 1086 2827 Qua
1102 2772 1134 2812 re
1151 2751 1177 2812 si
1192 2775 1219 2825 ²5

167 2845 226 2906 iam
242 2867 291 2908 me
304 2846 392 2908 vultis
407 2867 472 2908 esse
491 2858 647 2923 oratorem,
664 2846 689 2907 si
706 2846 796 2909 etiam
815 2859 861 2909 sat
877 2846 1004 2924 bonum,
1017 2848 1043 2908 si
1059 2850 1176 2910 bonum

167 2943 306 3022 denique,
332 2965 396 3004 non
419 2947 592 3024 repugnabo
604 2966 613 3020 ;
642 2945 715 3023 quid
740 2945 821 3007 enim
845 2967 927 3007 nunc
951 2946 1007 3007 sim
1031 2945 1176 3026 ineptus?

168 3044 216 3102 Ita
230 3063 278 3104 me
292 3042 452 3104 existimari
466 3044 547 3106 scio:
569 3046 652 3123 quod
667 3043 692 3104 si
706 3043 747 3105 ita
761 3055 813 3119 est,
830 3065 965 3105 summus
979 3057 1081 3106 tamen
1096 3057 1176 3107 certe

166 3159 228 3198 nou
243 3159 330 3215 sum;
355 3160 454 3218 neque
473 3140 553 3201 enim
574 3143 656 3220 apud
676 3141 815 3202 homines
834 3161 880 3202 res
894 3153 939 3202 est
953 3143 1014 3202 ulla
1027 3140 1176 3202 difficilior

166 3256 265 3314 neque
287 3237 381 3298 maior
403 3258 502 3315 neque
523 3259 601 3317 quae
621 3241 706 3318 plura
725 3239 899 3300 adiumenta
920 3237 1075 3300 doctrinae
1099 3239 1176 3299 desi·
1188 3261 1219 3310 30

120 3334 151 3396 85
166 3333 257 3393 deret
300 3337 347 3394 Ac
364 3346 473 3409 tamen,
489 3335 632 3412 quoniam
653 3337 692 3396 de
713 3346 829 3396 oratore
849 3335 937 3396 nobis
958 3334 1174 3413 disputandum

201 3504 212 3536 1
231 3495 361 3538 oratorum
376 3489 442 3539 codd.
457 3489 509 3538 secl.
525 3489 691 3539 Henn‘chsm:
716 3491 848 3539 rhetorum
860 3489 949 3538 Prarce
1093 3505 1122 3551 15
1139 3507 1174 3540 an

163 3555 231 3617 vulg.
243 3572 249 3603 ε
267 3571 298 3603 ac
310 3554 378 3603 codd.
501 3556 533 3603 28
550 3554 690 3604 existimari
702 3557 769 3618 vulg
782 3572 788 3604 ε
806 3555 955 3605 existimare
966 3553 1034 3605 codd.
1047 3570 1098 3603 non
1110 3556 1177 3604 nulli

162 3634 193 3682 31
212 3618 251 3669 Ac
263 3619 354 3682 Soros:
370 3626 397 3670 at
408 3619 476 3669 codd.
