2648 4216
470 276 529 336 DE
548 274 754 338 ORATORE
791 274 830 335 1·
1153 286 1229 345 1147

133 443 297 523 Gorgiam3
316 464 379 523 quo
392 443 424 504 in
438 442 515 504 libro
529 441 560 503 in
574 443 634 503 hoc
647 442 776 502 maxime
788 440 958 502 admirabar
971 443 1137 514 Platonem,

133 541 218 620 quod
228 540 302 601 mihi
314 538 371 622 [in]
382 538 549 601 oratoribus
559 537 723 599 inridendis
737 537 802 615 ipse
815 557 881 598 esse
893 549 993 598 orator
1003 556 1138 597 summus

132 637 297 699 videbatur.
340 635 435 698 Verbi
456 635 538 697 enim
555 634 757 697 controversia
774 633 834 694 iam
849 634 902 695 diu
915 645 1035 712 torquet
1049 636 1139 695 Gree-

134 735 219 795 culos
232 733 371 795 homines
385 732 587 795 contentionis
601 731 771 811 cupidiores
784 751 876 810 quam
886 730 1023 793 veritatis
1058 733 1139 791 Nam
1152 735 1185 798 48

103 859 118 908 5
134 832 160 893 si
173 832 241 911 quis
254 835 337 894 hunc
350 834 453 895 statuit
466 852 533 895 esse
550 844 707 906 oratorem,
722 831 776 910 qui
794 834 1005 904 tantummodo
1025 830 1057 891 in
1076 829 1139 892 iure

133 941 186 991 aut
199 929 231 990 in
245 929 363 991 iudiciis
376 929 471 1008 possit
484 940 536 990 aut
548 930 631 1007 apud
640 930 787 1008 populum
796 939 849 990 aut
858 928 890 988 in
901 940 1006 989 senatu
1017 927 1139 1006 copiose

133 1025 226 1104 loqui,
247 1037 349 1087 tamen
371 1026 442 1087 huic
463 1025 521 1106 ipsi
542 1026 638 1087 multa
658 1025 768 1086 tribuat
790 1036 822 1086 et
845 1027 993 1086 concedat
1016 1045 1140 1086 necesse

133 1135 198 1199 est;
218 1123 413 1202 nequeenim
434 1123 500 1184 sine
520 1126 616 1185 multa
634 1123 863 1202 pertractatione
883 1122 1019 1184 omnium
1041 1143 1139 1183 rerum

133 1220 321 1298 publicarum
343 1241 443 1299 neque
464 1220 530 1282 sine
547 1223 656 1299 legum,
671 1240 798 1294 morum,
813 1219 884 1280 iuris
903 1218 1027 1280 scientia
1040 1239 1140 1297 neque

88 1344 121 1381 10
133 1330 239 1380 natura
262 1318 421 1380 hominum
444 1319 597 1397 incognita
617 1339 654 1379 ac
675 1318 809 1380 moribus
830 1318 862 1379 in
886 1318 933 1379 his
954 1317 1026 1396 ipsis
1050 1318 1139 1378 rebus

133 1416 205 1478 satis
225 1415 333 1478 callide
353 1416 462 1478 versari
484 1428 515 1477 et
537 1416 631 1494 perite
650 1428 749 1494 potest
759 1438 769 1492 ;
795 1415 849 1494 qui
870 1428 971 1478 autem
994 1417 1068 1477 haec
1091 1435 1140 1476 co-

132 1514 276 1592 gnoverit,
305 1515 371 1577 sine
398 1515 508 1594 quibus
535 1535 575 1576 ne
602 1513 653 1575 illa
678 1514 802 1593 quidem
831 1514 955 1575 minima
982 1513 1013 1573 in
1041 1512 1139 1573 causis

131 1610 292 1688 quisquam
314 1622 395 1673 reete
416 1610 493 1672 tueri
514 1622 621 1689 potest,
644 1610 718 1689 quid
741 1611 811 1672 huic
832 1612 938 1672 abesse
962 1610 1070 1689 poterit
1099 1611 1139 1671 de

132 1707 329 1769 maximarum
345 1728 444 1769 rerum
462 1707 609 1768 scientia?
649 1708 702 1768 Sin
716 1707 840 1770 oratoris
855 1708 929 1769 nihii
942 1708 987 1769 vis
1001 1728 1067 1769 esse
1081 1706 1139 1768 nisi

86 1803 307 1882 r5composite,
330 1816 444 1879 ornate,
467 1804 591 1885 copiose
617 1803 709 1881 loqui,
737 1824 857 1883 quaero,
886 1804 918 1866 id
952 1804 1051 1883 ipsum
1085 1805 1139 1883 qui

131 1901 227 1978 possit
249 1901 377 1980 adsequi
397 1903 464 1964 sine
484 1922 522 1964 ea
542 1901 674 1976 scientia,
697 1922 789 1980 quarn
811 1902 840 1963 ei
863 1923 926 1964 non
950 1902 1138 1964 conceditis?

132 1996 264 2059 Dicendi
290 1999 373 2060 enim
400 1999 501 2074 virtus,
530 1998 588 2060 nisi
614 1999 651 2073 ei,
680 1999 733 2077 qui
760 1999 848 2073 dicet,
872 2020 916 2074 ea,
941 2020 1019 2078 quae
1046 1999 1135 2075 dicet,

132 2107 273 2174 percepta
286 2106 365 2169 sunt,
380 2108 495 2158 exstare
508 2116 571 2158 non
585 2108 692 2176 potest
736 2098 836 2173 Quam
851 2098 978 2172 obrem,
994 2098 1019 2158 si
1033 2110 1137 2159 ornate
1150 2115 1182 2164 4⁹

130 2194 249 2254 locutus
276 2205 330 2267 est,
353 2193 431 2255 sicut
454 2204 485 2255 et
512 2195 603 2255 fertur
623 2206 654 2256 et
677 2194 752 2254 mihi
774 2194 900 2269 videtur,
923 2196 1064 2274 physicus
1088 2196 1138 2256 ille

85 2302 118 2338 ²0
132 2289 333 2364 Democritus,
349 2289 488 2351 materies
501 2289 552 2352 ina
565 2289 620 2351 fuit
638 2290 761 2369 physici,
777 2293 817 2352 de
835 2311 896 2369 qua
917 2291 999 2366 dixit,
1015 2304 1137 2353 omatus

131 2405 202 2448 vero
222 2387 288 2464 ipse
306 2387 468 2448 verborum
488 2388 613 2448 oratoris
632 2389 784 2465 putandus
799 2399 851 2448 est
860 2410 869 2462 3
892 2400 930 2462 et,
946 2388 972 2449 si
991 2391 1077 2450 Plato
1097 2391 1137 2450 de

130 2484 220 2544 rebus
246 2484 287 2545 ab
311 2483 449 2546 civilibus
470 2483 677 2546 controversiis
698 2484 904 2546 remotissimis
926 2485 1067 2547 divinitus
1091 2499 1137 2548 est

130 2581 258 2654 locutus,
284 2583 369 2658 quod
390 2601 447 2660 ego
469 2583 605 2642 concedo
615 2602 624 2655 ;
654 2579 680 2641 si
700 2580 773 2642 item
793 2581 977 2656 Aristoteles,
992 2582 1018 2642 si
1038 2584 1138 2644 Theo-

128 2678 276 2754 phrastus,
298 2677 324 2738 si
347 2679 518 2741 Carneades
541 2676 573 2737 in
593 2678 682 2738 rebus
704 2677 755 2752 eis,
777 2681 818 2740 de
838 2679 948 2757 quibus
970 2679 1137 2757 disputare

84 2791 114 2842 25
128 2785 206 2849 runt,
222 2777 399 2853 eloquentes
418 2786 449 2836 et
471 2774 503 2835 in
524 2775 655 2837 dicendo
673 2796 779 2837 suaves
792 2789 884 2855 atque
898 2777 993 2838 ornati
1007 2781 1134 2852 fuerunt,

129 2871 189 2932 sint
203 2893 257 2934 eae
271 2893 326 2947 res,
342 2872 506 2951 dequibus
520 2873 683 2951 disputant,
698 2873 730 2934 in
744 2874 809 2935 aliis
823 2875 1004 2952 quibusdam
1019 2876 1133 2952 studiis,

128 2969 224 3031 oratio
238 2970 362 3048 quidem
377 2969 443 3049 ipsa
456 2970 576 3048 propria
591 2981 637 3031 est
655 2970 745 3031 huius
763 2972 853 3033 unius
869 2972 999 3045 rationis,
1015 2975 1055 3034 de
1074 2993 1136 3050 qua

127 3065 279 3144 loquimur
298 3078 328 3128 et
347 3067 525 3146 quaerimus.
570 3067 691 3128 Etenim
708 3067 846 3129 videmus
860 3068 974 3129 eisdem
988 3070 1028 3130 de
1045 3071 1134 3130 rebus
1147 3089 1180 3139 50

128 3161 228 3224 ieiune
255 3166 404 3241 quosdam
432 3175 462 3224 et
490 3163 611 3238 exiliter,
640 3175 674 3225 ut
700 3184 780 3238 eum,
805 3184 897 3242 quem
928 3165 1134 3228 acutissimum

10 3263 11 3267 ’
80 3279 115 3330 30
128 3262 234 3334 fenmt‚
273 3259 484 3338 Chrysippum,
521 3260 720 3338 disputavisse
756 3280 855 3338 neque
889 3261 931 3322 ob
965 3282 1033 3323 eam
1069 3283 1133 3324 rem

127 3355 336 3435 philosophiae
364 3377 427 3418 non
455 3356 665 3432 satisfecisse,
691 3358 775 3435 quod
802 3377 865 3418 non
890 3357 1027 3418 habuerit
1054 3360 1133 3421 hanc

127 3453 249 3515 dicendi
263 3475 300 3515 ex
317 3466 380 3516 arte
400 3454 499 3516 aliena
519 3457 698 3516 facultatem.
743 3454 827 3531 Quid
847 3476 918 3534 ergo
939 3456 1060 3517 interest
1080 3468 1132 3518 aut
1145 3469 1179 3514 ιο

128 3609 283 3670 ΔΜ-ιΗΕ
382 3610 758 3663 rinhocMLthocmrecc.
850 3611 1042 3664 ninomMm
1115 3630 1133 3677 9

126 3691 225 3726 morum
234 3674 268 3724 d!
273 3695 278 3728 :
291 3678 370 3726 moris
382 3693 436 3727 nce.
553 3692 582 3726 οι
602 3685 730 3728 oratorum
741 3678 774 3727 M
854 3695 883 3741 3¹
903 3679 970 3728 hanc
982 3679 1087 3729 dicendi
1098 3696 1133 3729 ex

126 3747 182 3791 erte
190 3743 228 3792 L:
246 3742 272 3791 in
285 3742 333 3793 hac
342 3743 445 3792 dicendi
457 3749 514 3793 arte
525 3741 556 3791 Μ
