2648 4216
449 265 508 325 DE
529 264 734 326 ORATORE
777 265 792 324 1
1138 265 1183 338 46
1195 285 1237 326 rot

123 442 227 494 nostro
248 432 462 512 conquirimus,
484 435 539 495 sed
563 453 632 494 eum
657 432 761 506 virum,
777 432 828 511 qui
853 431 982 512 primum
1003 433 1041 494 sit
1065 432 1129 494 eius

123 528 194 590 artis
207 529 339 604 antistes,
356 529 441 591 cuius
463 550 533 590 curn
556 530 620 608 ipsa
639 542 744 591 natura
758 549 896 607 magnam
911 530 1026 591 homini
1040 531 1130 590 facul·

124 637 217 687 tatem
236 629 328 701 daret,
344 636 446 687 auctor
457 639 558 688 tamen
582 647 648 688 esse
669 629 745 688 deus
767 639 895 705 putatur,
911 639 944 687 ut
966 627 998 688 id
1020 627 1128 705 ipsum,

124 726 209 802 quod
236 736 298 785 erat
326 724 457 786 hominis
484 724 646 802 proprium,
676 738 738 785 non
766 736 882 801 partum
908 743 961 802 per
985 744 1049 796 nos,
1075 724 1129 784 sed

96 846 110 895 5
125 820 267 882 divinitus
285 823 326 882 ad
345 841 401 882 nos
423 823 556 882 delatum
570 821 737 895 videretur;
758 821 877 894 deinde,
893 820 945 899 qui
959 820 1053 898 possit
1068 840 1129 881 non

125 930 187 979 tam
205 921 339 979 caduceo
361 939 452 996 quam
474 917 597 978 nomine
618 918 742 979 oratoris
764 930 886 979 ornatus
904 917 1063 978 incolumis
1083 918 1130 978 vel

124 1015 203 1076 inter
229 1015 361 1077 hostium
389 1018 449 1076 tela
475 1014 583 1075 versari
593 1037 602 1088 3
631 1026 704 1088 turn,
730 1015 782 1093 qui
810 1017 907 1075 scelus
934 1016 1130 1091 fraudemque

126 1113 263 1174 nocentis
283 1113 377 1192 possit
398 1113 529 1174 dicendo
551 1112 686 1173 subicere
707 1112 778 1174 odio
799 1112 909 1173 civium
924 1111 1131 1189 supplicioque

126 1209 328 1288 constringere
336 1232 346 1285 ;
366 1209 508 1288 idemque
527 1209 627 1287 ingeni
645 1209 794 1287 praesidio
812 1208 1016 1269 innocentiam
1030 1206 1132 1269 iudici-

82 1332 114 1369 ιο
127 1327 214 1370 orum
237 1327 337 1385 poena
358 1307 482 1368 liberare
492 1329 501 1381 ;
532 1306 673 1384 idemque
701 1309 891 1384 languentem
920 1306 1131 1382 labentemque

126 1407 272 1482 populum
287 1416 339 1465 aut
352 1406 393 1465 ad
407 1405 500 1465 decus
522 1404 649 1465 excitare
667 1414 720 1464 aut
738 1404 778 1463 ab
796 1423 894 1464 errore
911 1404 1060 1464 deducere
1081 1411 1132 1462 aut

126 1502 312 1563 inflammare
332 1501 364 1563 in
386 1502 540 1580 improbos
560 1513 612 1562 aut
634 1501 789 1562 incitatum
810 1500 842 1560 in
863 1501 961 1561 bonos
981 1500 1113 1578 mitigare
1124 1522 1133 1574 ;

127 1599 179 1678 qui
194 1599 333 1679 denique,
349 1620 572 1677 quemcumque
594 1598 626 1659 in
648 1599 756 1659 animis
775 1598 933 1660 hominurn
948 1609 1064 1658 motum
1085 1617 1132 1657 res

127 1709 158 1757 et
168 1717 258 1758 causa
271 1698 412 1775 postulet,
424 1717 494 1757 eum
509 1696 640 1758 dicendo
650 1699 698 1757 vel
711 1695 838 1758 excitare
849 1694 943 1773 possit
957 1697 1004 1755 vel
1018 1696 1129 1755 sedare.

82 1815 113 1867 ¹5
129 1797 220 1856 Hanc
233 1794 295 1855 vim
306 1795 331 1856 si
345 1795 412 1873 quis
423 1794 571 1856 existimat
584 1805 636 1855 aut
647 1795 686 1855 ab
700 1794 751 1868 eis,
764 1793 816 1872 qui
830 1795 869 1854 de
883 1791 1004 1854 dicendi
1018 1792 1132 1853 ratione
1148 1812 1193 1860 203

128 1892 317 1971 scripserunt,
342 1892 507 1970 expositam
530 1913 596 1954 esse
619 1904 671 1953 aut
695 1913 714 1952 a
740 1912 790 1952 me
818 1911 906 1970 posse
934 1889 1043 1968 exponi
1071 1901 1132 1950 tam

129 1991 219 2065 brevi,
234 1993 426 2052 vehementer
440 2002 515 2051 errat
530 2011 629 2070 neque
646 1993 744 2051 solum
762 1988 948 2050 inscientiam
966 2008 1065 2048 meam
1079 1988 1133 2049 sed

128 2109 168 2150 ne
188 2109 285 2150 rerum
306 2088 430 2167 quidem
448 2088 684 2166 magnitudinem
700 2087 858 2166 perspicit:
880 2086 1021 2164 equidem
1036 2084 1131 2159 vobis,

128 2187 271 2266 quoniam
292 2186 334 2247 ita
353 2186 497 2260 voluistis,
520 2186 618 2260 sontis,
637 2188 718 2247 unde
739 2184 902 2257 hauriretis,
917 2195 1008 2262 atque
1029 2183 1134 2244 itinera

83 2311 115 2346 20
128 2285 193 2364 ipsa
206 2285 247 2347 ita
267 2284 369 2363 putavi
392 2305 458 2346 esse
481 2285 722 2356 demonstranda,
737 2303 800 2342 non
820 2292 854 2341 ut
872 2281 937 2359 ipse
951 2282 1012 2341 dux
1026 2301 1131 2354 essem,

128 2384 212 2462 quod
226 2395 255 2444 et
269 2382 419 2443 infinitum
435 2394 480 2443 est
494 2394 524 2443 et
543 2402 606 2443 non
626 2379 835 2452 necessarium,
851 2379 905 2439 sed
926 2389 959 2438 ut
981 2397 1133 2439 common·

128 2493 251 2542 strarem
273 2493 390 2542 tanturn
411 2480 490 2541 viam
513 2492 551 2554 et,
577 2492 610 2541 ut
635 2479 698 2540 fieri
720 2479 804 2550 solet,
829 2475 956 2552 digitum
978 2477 1018 2536 ad
1042 2475 1133 2536 fontis

128 2577 333 2640 intenderem.’

171 2676 269 2737 ‘Mihi
282 2679 370 2738 vero'
383 2676 481 2755 inquit
501 2676 621 2738 Mucius
638 2674 725 2736 ‘satis
744 2693 891 2752 superque
904 2672 959 2732 abs
973 2683 1003 2732 te
1017 2669 1133 2730 videtur
1144 2651 1184 2713 4⁷

85 2799 115 2849 ²5
129 2774 254 2835 istorum
268 2774 383 2848 studiis,
399 2774 424 2835 si
438 2777 531 2836 modo
545 2786 615 2835 sunt
629 2773 763 2846 studiosi,
775 2791 841 2833 esse
855 2773 985 2843 factum;
1006 2787 1085 2840 nam,
1100 2778 1133 2827 ut
1148 2745 1192 2796 ²⁰⁴

129 2873 282 2933 Socratem
307 2872 391 2933 illum
415 2872 536 2933 solitum
558 2871 642 2932 aiunt
669 2871 769 2932 dicere
791 2870 955 2947 perfectum
976 2864 1033 2926 sibi
1058 2883 1134 2942 opus

129 2990 203 3044 esse,
213 2970 299 3049 siqui
310 2970 381 3031 satis
392 2982 470 3031 esset
482 2970 648 3031 concitatus
659 2966 866 3029 cohortatione
880 2984 934 3025 sua
947 2965 988 3024 ad
1002 2962 1133 3023 studium

130 3071 358 3147 cognoscendae
385 3068 655 3147 percipiendaeque
682 3065 797 3126 virtutis
809 3087 818 3138 3
857 3061 966 3142 quibus
994 3059 1075 3120 enim
1103 3059 1134 3120 id

129 3186 304 3246 persuasum
318 3177 405 3238 esset,
420 3177 454 3226 ut
468 3164 542 3226 nihil
557 3166 679 3225 mallent
693 3183 758 3224 esse
772 3183 813 3235 se,
829 3181 920 3239 quam
935 3159 1032 3219 bonos
1046 3156 1133 3230 viroS,

87 3287 117 3336 30
130 3263 174 3325 eis
192 3263 337 3342 reliquam
351 3263 469 3323 facilem
484 3282 549 3323 esse
566 3261 752 3334 doctrinam3
773 3258 816 3320 sic
830 3277 886 3336 ego
900 3256 1049 3332 intellego,
1065 3254 1089 3314 si
1103 3253 1134 3313 in

130 3364 215 3437 haec,
230 3382 308 3441 quae
321 3361 461 3439 patefecit
475 3359 609 3422 oratione
627 3379 682 3419 sua
704 3360 837 3429 Crassus,
853 3355 960 3415 intrare
974 3351 1133 3424 volueritis,

164 3535 181 3581 3
198 3525 287 3569 auctor
298 3524 382 3566 temen
398 3531 457 3565 esse
475 3515 572 3564 titum
590 3523 676 3563 tamen
693 3528 751 3561 esse
768 3509 852 3561 codd:
872 3509 1002 3558 invenisse
1014 3506 1134 3569 Madvig:

131 3582 362 3699 missergfbdqarrkt'.
379 3582 495 3631 effecisse
507 3579 662 3630 Hameckaer:
680 3577 787 3639 largitus
799 3584 817 3625 t.
828 3591 851 3624 e.
860 3573 940 3635 Soros
1001 3575 1032 3622 18
1050 3586 1135 3620 rerum

168 3739 216 3776 erc.
228 3739 263 3774 nc
272 3738 350 3774 ostar.
997 3713 1028 3762 l*
