2648 4216
454 276 512 337 DE
534 276 741 338 ORATORE
784 276 817 336 II
1152 276 1197 335 60
1208 299 1253 349 ²47

132 442 301 506 moderatio
324 454 355 506 et
379 441 575 521 temperantia
600 452 631 503 et
657 442 760 502 raritas
782 441 932 504 dictorum
956 442 1140 522 distinguent

132 553 280 603 oratorem
294 561 313 601 a
329 561 438 616 scurra,
452 551 482 602 et
501 541 584 617 quod
602 559 657 600 nos
674 560 744 600 curn
765 560 856 602 causa
874 540 1010 614 dicimus,
1026 562 1088 602 non
1108 551 1141 600 ut

132 637 249 699 ridiculi
276 637 438 710 videamur,
463 639 517 698 sed
545 648 579 697 ut
606 636 798 714 proficiamus
825 637 947 716 aliquid
973 637 1015 697 illi
1044 648 1139 698 totum

131 734 213 796 diem
228 745 258 795 et
271 734 336 795 sine
350 754 446 795 causa
491 733 575 811 Quid
589 734 669 795 enim
684 745 730 795 est
743 737 874 812 Vargula
887 737 1056 809 adsecutus,
1070 754 1139 795 cum

103 852 202 903 5eum
223 831 401 893 candidatus
425 834 462 892 Α
488 831 683 910 Sempronius
711 850 781 891 cum
806 833 849 890 M.
874 833 961 892 fratre
983 851 1038 892 suo
1060 851 1140 892 corn·

131 931 235 1006 plexus
255 939 334 990 esset
355 932 457 1007 ‘puer,
477 928 565 1007 abige
586 931 741 990 muscas’?
783 928 890 989 Risum
912 928 1067 1006 quaesivit,
1087 927 1139 1006 qui

130 1038 176 1086 est
193 1046 260 1086 mea
276 1025 424 1086 sententia
441 1027 488 1086 vel
508 1025 699 1086 tenuissimus
720 1024 821 1103 ingeni
840 1028 961 1086 fructus.
1004 1027 1138 1103 Tempus

130 1120 217 1202 igitur
230 1123 352 1184 dicendi
366 1122 524 1201 prudentia
540 1134 571 1184 et
589 1123 731 1200 gravitate
752 1121 974 1183 moderabimur
983 1143 992 1196 ;
1012 1141 1137 1200 quarum

130 1219 245 1280 utinam
259 1232 352 1282 artem
366 1220 498 1299 aliquam
512 1221 711 1281 haberemus!
743 1221 803 1281 Sed
818 1218 942 1280 domina
955 1230 1060 1279 natura
1073 1231 1125 1280 est.
1151 1275 1187 1332 61

86 1339 117 1374 10
171 1319 263 1378 Nunc
289 1337 474 1396 exponamus
501 1338 610 1395 genera
638 1317 703 1395 ipsa
729 1315 913 1391 summatim,
941 1335 1018 1394 quae
1046 1315 1137 1376 risum
1153 1366 1199 1430 ²4⁸

130 1414 258 1475 maxime
286 1426 433 1476 moveant.
489 1415 577 1475 Haec
604 1413 692 1492 igitur
719 1413 757 1473 sit
784 1413 880 1491 prima
903 1411 1032 1490 partitio,
1054 1416 1136 1491 quod

129 1513 225 1573 facete
243 1511 368 1588 dicatur,
384 1512 417 1574 id
433 1511 533 1573 alias
524 1532 556 1573 rn
575 1533 607 1573 re
621 1512 742 1586 habere,
755 1509 855 1571 alias
847 1530 878 1569 rn
893 1510 984 1571 verbo
999 1509 1137 1585 facetias3

129 1610 258 1672 maxime
271 1623 372 1672 autem
386 1611 524 1672 homines
538 1609 689 1684 delectari,
703 1609 729 1669 si
747 1611 871 1687 quando
887 1608 962 1668 risus
976 1607 1136 1670 coniuncte

128 1726 161 1767 re
180 1709 333 1787 verboque
352 1720 514 1770 moveatur.
558 1710 619 1770 Sed
640 1709 699 1768 hoc
718 1717 912 1780 mementote,
929 1725 1136 1784 quoscumque

85 1825 114 1874 ¹5
128 1804 213 1865 locos
225 1805 379 1884 attingam,
393 1808 475 1867 unde
491 1804 617 1866 ridicula
632 1806 790 1880 ducantur,
804 1825 841 1865 ex
859 1803 973 1865 eisdem
987 1802 1061 1864 locis
1075 1805 1135 1864 lere

128 1901 218 1963 etiam
238 1904 334 1981 gravis
354 1902 517 1965 sententias
537 1922 626 1981 posse
646 1902 736 1963 duci:
760 1913 878 1962 tanturn
900 1901 1031 1977 interest,
1051 1903 1135 1979 quod

127 2000 255 2079 gravitas
269 2001 402 2062 honestis
420 2000 452 2062 in
471 2001 561 2061 rebus
582 2000 761 2078 severisque,
775 1999 859 2061 iocus
880 1999 912 2059 in
933 1999 1085 2078 turpiculis
1104 2011 1135 2062 et

127 2097 213 2175 quasi
237 2097 421 2158 deformibus
448 2097 579 2176 ponitur,
600 2099 682 2158 velut
704 2096 818 2158 eisdem
840 2096 938 2158 verbis
962 2108 992 2159 et
1014 2099 1134 2160 laudare

128 2195 203 2274 frugi
217 2215 334 2256 servum
348 2195 498 2274 possimus
512 2206 552 2270 et,
566 2194 591 2256 si
605 2206 651 2255 est
664 2214 806 2272 nequam,
816 2193 915 2256 iocari.
960 2194 1134 2256 Ridiculum

84 2317 116 2354 20
128 2305 174 2355 est
187 2294 261 2355 illud
276 2294 482 2355 Neronianum
496 2305 582 2354 vetus
596 2292 627 2352 in
641 2292 734 2353 furaci
751 2312 854 2353 servo:
882 2295 980 2353 solum
995 2313 1070 2368 esse,
1084 2293 1133 2355 cui

127 2392 211 2452 domi
226 2392 299 2453 nihil
314 2392 351 2452 sit
368 2414 424 2453 nec
441 2391 631 2470 obsignatum
651 2411 708 2450 nec
729 2392 894 2464 occlusum,
908 2393 991 2468 quod
1006 2391 1086 2452 idem
1100 2390 1132 2451 in

126 2492 210 2552 bono
223 2510 308 2552 servo
327 2490 387 2552 dici
408 2492 491 2550 solet.
535 2490 595 2549 Sed
616 2489 675 2549 hoc
696 2487 810 2548 eisdem
825 2487 922 2549 verbis
931 2509 940 2562 ;
968 2509 1004 2548 ex
1018 2488 1132 2550 eisdem
1147 2505 1195 2556 ²49

128 2585 254 2670 [autem]
275 2588 348 2649 locis
368 2583 555 2669 [naseuntur]
577 2585 686 2646 omnia.
730 2586 810 2644 Nam
832 2587 915 2662 quod
936 2587 985 2663 Sp.
1003 2585 1132 2647 Carvilio

125 2686 251 2764 graviter
265 2685 446 2747 claudicanti
462 2706 499 2745 ex
516 2686 638 2745 vulnere
657 2684 698 2743 ob
715 2703 778 2743 rem
797 2681 948 2760 publicam
963 2694 1087 2760 accepto
1102 2693 1132 2743 et

83 2806 112 2854 25
126 2785 167 2845 ob
192 2804 259 2844 eam
281 2804 402 2844 causam
423 2781 638 2844 verecundanti
660 2781 691 2840 in
715 2780 870 2858 publicum
894 2779 1013 2857 prodire
1038 2792 1131 2841 mater

126 2880 199 2941 dixit
227 2880 320 2959 ‘quin
347 2879 459 2959 prodis,
486 2879 528 2939 mi
556 2878 667 2957 Spuri?
704 2877 974 2956 quotienscumque
1005 2879 1130 2955 gradum

125 2977 226 3053 facies,
239 2978 348 3039 totiens
365 2976 420 3037 tibi
434 2987 552 3036 tuarum
566 2975 707 3036 virtutum
721 2974 821 3035 veniat
840 2973 871 3033 in
885 2976 1036 3048 mentem,'
1050 2995 1131 3052 prae·

125 3077 237 3136 clarum
253 3087 282 3135 et
295 3095 383 3152 grave
397 3086 462 3135 est:
485 3075 568 3152 quod
583 3073 710 3134 Calvino
724 3071 850 3133 Glaucia
864 3071 1043 3133 claudicanti
1057 3071 1130 3133 ‘ubi

126 3184 171 3233 est
185 3183 269 3232 vetus
283 3171 376 3233 illud:
399 3191 473 3230 num
490 3169 660 3231 claudicat?
688 3181 718 3230 at
732 3169 782 3230 hic
797 3168 926 3230 clodicat
936 3172 961 3230 'l
990 3171 1049 3231 hoc
1063 3169 1130 3231 ridi·

82 3291 113 3340 30
126 3271 228 3330 culum
239 3279 296 3344 est;
313 3281 343 3330 et
354 3280 514 3347 utrumque
524 3288 560 3328 ex
570 3288 618 3342 eo,
626 3269 710 3346 quod
724 3266 755 3326 in
770 3266 987 3328 claudicatione
997 3267 1130 3330 animad-

158 3424 222 3472 Μ-
235 3424 267 3473 H
331 3419 547 3484 rdistinguetLr
613 3429 685 3482 qest
700 3421 748 3470 Le
766 3421 895 3471 essetM.
912 3431 953 3472 est
964 3422 1128 3472 emednch

128 3507 157 3554 15
174 3497 300 3539 vocantur
309 3487 367 3538 Hm
470 3503 499 3549 17
515 3502 665 3550 severisque
675 3486 814 3536 Fnednch
831 3503 922 3537 severe
933 3488 1000 3538 codd
1098 3505 1129 3550 19

125 3554 362 3670 atillam*
425 3559 726 3679 asthmata&
749 3559 975 3680 ,lilim
983 3553 1127 3680 {wall

126 3687 204 3748 Surr
216 3687 329 3748 uth
343 3684 422 3746 prodi,
434 3698 468 3731 rm
461 3682 565 3745 Spuri
575 3698 603 3745 q.
611 3681 734 3732 Fn'edn'clr
800 3697 831 3742 27
850 3682 927 3732 facias
937 3681 973 3731 Le
1039 3685 1128 3734 veniet

125 3702 228 3817 vaulg.
301 3750 334 3798 na
350 3749 520 3798 Glauciaom.
534 3747 592 3796 Hm
673 3762 706 3810 29
721 3747 801 3798 ethic
818 3747 990 3799 clodicatom.
1004 3748 1063 3798 Hm
