2648 4216
432 259 491 320 nn
512 258 719 322 oxnronn
762 261 813 321 111
1135 271 1219 341 15⁶7

119 445 157 487 ac
169 427 342 504 quaerenda
354 436 384 486 et
398 425 603 504 investiganda
617 426 772 487 duxerunt
810 428 890 487 Nam
904 437 989 489 vetus
1003 427 1127 507 quidem

120 521 171 582 illa
184 521 320 583 doctrina
333 524 440 583 eadem
454 521 571 583 videtur
584 533 615 583 et
628 533 709 584 recte
726 522 857 585 faciendi
870 534 900 585 et
913 525 993 586 bene
1007 523 1129 587 dicendi

122 618 279 696 magistra,
298 627 399 697 neque
412 618 553 680 disiuncti
568 621 715 694 doctores,
731 621 785 680 sed
799 620 898 682 eidem
913 633 996 682 erant
1009 621 1130 683 vivendi

122 726 330 794 praeceptores
343 727 435 794 atque
448 715 578 790 dicendi,
591 727 624 776 ut
638 716 688 778 ille
701 718 783 795 apud
798 719 969 779 Homerum
984 718 1128 792 Phoenix,

84 831 110 884 ‚5
122 813 176 892 qui
197 834 230 874 se
253 833 273 874 a
294 816 386 875 Peleo
407 826 491 892 patre
512 813 623 875 Achilli
651 813 751 875 iuveni
773 815 915 877 comitem
938 837 1004 878 esse
1025 819 1129 878 datum

122 911 196 974 dicit
208 913 248 973 ad
266 912 386 986 bellurn,
401 923 435 972 ut
451 913 580 973 efficeret
598 924 747 974 oratorem
760 915 919 975 verborum
937 925 1130 992 actoremque

111 1029 228 1072 ,remm
271 1011 332 1071 Sed
356 1020 390 1070 ut
413 1008 551 1071 homines
574 1010 677 1070 labore
700 1009 829 1072 adsiduo
851 1022 882 1072 et
906 1011 1059 1073 cotidiano
1079 1011 1174 1076 ad-rss

122 1106 207 1180 sueti,
223 1127 293 1168 curn
308 1106 492 1187 tempestatis
506 1127 597 1168 causa
610 1127 700 1186 opere
719 1107 922 1185 prohibentur,
937 1110 977 1169 ad
990 1108 1082 1187 pilam
1096 1129 1130 1170 se

122 1216 175 1265 aut
198 1206 238 1266 ad
262 1207 337 1265 talos
361 1216 413 1265 aut
435 1206 476 1266 ad
499 1215 623 1267 tesseras
647 1207 805 1267 conserunt
826 1217 879 1267 aut
902 1205 992 1267 etiam
1016 1227 1129 1268 novum

79 1321 110 1359 ro
123 1301 182 1363 sibi
195 1301 252 1381 ipsi
264 1302 395 1380 aliquem
410 1302 578 1381 excogitant
594 1302 627 1363 in
645 1303 707 1364 otio
726 1305 841 1377 ludum,
857 1303 899 1365 sic
918 1303 991 1365 illia
1004 1303 1132 1382 negotiis

112 1399 252 1480 publicis
279 1412 433 1478 tamquam
460 1401 500 1461 ab
528 1420 618 1478 opere
650 1411 702 1461 aut
729 1400 914 1478 temporibus
942 1400 1054 1461 exclusi
1080 1411 1132 1461 aut

123 1499 277 1558 voluntate
299 1516 353 1558 sua
376 1496 471 1557 feriati
495 1508 574 1558 totos
596 1516 629 1558 se
651 1496 701 1557 alii
727 1499 767 1559 ad
791 1510 904 1576 poetas,
929 1498 979 1558 alii
1003 1499 1043 1560 ad
1064 1518 1132 1577 geo-

125 1604 241 1668 metras,
256 1592 307 1654 alii
320 1594 360 1654 ad
375 1593 506 1654 musicos
524 1595 725 1669 contulerunt,
737 1593 788 1654 alii
807 1593 906 1668 etiam,
922 1605 955 1655 ut
973 1594 1130 1670 dialectici,

124 1711 237 1752 novum
251 1690 309 1751 sibi
327 1690 384 1768 ipsi
403 1690 535 1752 studium
557 1692 723 1769 ludumque
741 1702 921 1770 pepererunt
938 1703 1029 1770 atque
1043 1691 1074 1753 in
1088 1692 1131 1753 eis

82 1806 112 1857 15
124 1788 244 1861 artibus,
261 1807 338 1865 quae
352 1799 484 1866 repertae
498 1800 578 1863 sunt,
592 1798 625 1849 ut
638 1808 798 1867 puerorum
813 1794 930 1850 mentes
943 1791 983 1850 ad
996 1789 1132 1849 humani-

124 1897 216 1946 tatem
227 1886 407 1963 fingerentur
419 1895 511 1964 atque
521 1884 668 1959 virtutem,
678 1905 769 1948 omne
783 1897 902 1964 tempus
915 1898 1006 1964 atque
1018 1897 1132 1946 aetates

125 2003 193 2044 suas
207 1994 465 2060 consumpserunt„
507 1984 568 2044 Sed
585 1984 669 2061 quod
686 1995 769 2044 erant
785 1984 910 2063 quidam
928 1983 1017 2062 eique
1035 1982 1129 2058 multi,

125 2081 178 2159 qui
198 2091 251 2141 aut
271 2079 302 2140 in
326 2100 358 2141 re
378 2079 499 2159 publica
519 2091 639 2160 propter
659 2080 829 2160 ancipitem,
852 2102 929 2159 quae
949 2101 1013 2142 non
1033 2092 1132 2160 potest

125 2199 191 2240 esse
211 2178 352 2252 seiuncta,
372 2176 505 2239 faciendi
527 2177 707 2255 dicendique
730 2179 907 2256 sapientiam
930 2182 1077 2252 florerent,
1100 2190 1133 2238 ut

81 2301 113 2339 πο
126 2276 353 2349 Themistocles,
375 2288 408 2337 ut
429 2274 566 2349 Pericles,
589 2286 622 2336 ut
643 2277 854 2351 Theramenes,
877 2288 937 2350 aut,
959 2276 1012 2355 qui
1034 2276 1134 2336 rninus

127 2374 183 2455 ipsi
205 2374 236 2436 in
264 2395 295 2437 re
322 2373 444 2454 publica
467 2383 659 2446 versarentur,
685 2375 740 2433 sed
762 2372 850 2434 huius
875 2386 976 2434 tamen
998 2373 1134 2436 eiusdem

126 2471 290 2551 sapientiae
324 2474 463 2533 doctores
500 2481 608 2545 essent,
644 2482 678 2531 ut
713 2470 846 2548 Gorgias,
882 2472 1132 2548 Thrasymachus,

128 2572 283 2643 Isocrates,
305 2568 419 2630 inventi
440 2580 519 2642 sunt,
542 2567 695 2647 quicum
720 2567 777 2646 ipsi
798 2568 934 2630 doctrina
955 2581 985 2630 et
1008 2567 1134 2646 ingeniis

127 2669 322 2740 abundarent,
337 2686 358 2727 a
377 2687 409 2728 re
429 2678 530 2728 autem
551 2666 630 2728 civili
651 2678 681 2727 et
701 2687 720 2727 a
740 2667 867 2745 negotiis
887 2665 980 2727 animi
1001 2668 1133 2744 quodam

82 2785 113 2836 τε
127 2764 239 2826 iudicio
252 2765 456 2840 abhorrerent,
469 2767 548 2826 hanc
562 2764 684 2826 dicendi
700 2764 940 2825 exercitationem
954 2762 1134 2842 exagitarent

127 2874 217 2942 atque
234 2872 483 2937 contemnerent3
503 2881 631 2940 quorum
650 2860 788 2941 princeps
807 2863 943 2922 Socrates
962 2859 1028 2935 tuit,
1042 2860 1067 2921 is
1081 2859 1133 2938 qui
1146 2867 1180 2920 60

128 2959 264 3020 omnium
285 2958 468 3020 eruditorum
493 2957 665 3019 testimonio
686 2958 838 3036 totiusque
858 2957 970 3019 iudicio
992 2957 1135 3019 Graeciae

128 3076 198 3117 cum
218 3055 377 3135 prudentia
397 3066 427 3116 et
447 3053 586 3116 acumine
610 3066 640 3117 et
660 3067 816 3117 venustate
836 3066 867 3116 et
887 3054 1050 3116 subtilitate
1070 3065 1135 3114 tum

128 3173 198 3214 vero
212 3152 391 3231 eloquentia,
404 3151 551 3225 varietate,
568 3151 663 3230 copia,
679 3171 770 3230 quam
784 3173 817 3213 se
831 3172 961 3230 cumque
975 3151 1007 3211 in
1020 3162 1134 3230 partem

85 3272 116 3325 30
129 3252 261 3314 dedisset
278 3251 413 3313 omnium
433 3250 488 3311 fuit
506 3249 592 3311 facile
611 3249 756 3330 princeps,
773 3250 877 3328 eisque,
893 3250 945 3328 qui
959 3252 1041 3323 haec,
1057 3269 1134 3329 quae

129 3370 210 3411 nunc
240 3369 296 3410 nos
324 3347 503 3426 quaerimus,
532 3359 698 3422 tractarent,
727 3359 855 3426 agerent,
885 3350 1036 3420 docerent,
1064 3366 1135 3407 cum

128 3446 252 3507 nomine
273 3447 492 3523 appellarentur
513 3465 583 3518 uno,
596 3445 690 3522 quod
712 3445 810 3505 omnis
832 3465 930 3506 rerum
955 3443 1135 3523 optimarum

1143 1951 1181 2014 16

1143 2057 1177 2110 59

162 3607 179 3653 8
195 3607 350 3666 tempestate
362 3600 385 3649 L
459 3617 491 3650 ao
508 3601 592 3662 quivis
604 3601 647 3662 qui
659 3602 744 3649 minus
754 3599 823 3650 codd.
897 3604 930 3650 26
946 3601 993 3650 suit
1003 3600 1140 3650 damnanti

129 3669 231 3719 Ellendt
328 3683 362 3728 30
377 3682 439 3729 ·que
451 3666 549 3714 addidit
559 3666 636 3726 Soros

1024 3748 1071 3797 lgr·
