2648 4216
88 293 123 354 14
138 289 168 340 σι
462 281 506 341 Μ.
528 280 657 341 sunm
679 280 913 342 C1csnox1s

183 468 246 509 non
260 467 354 509 eonor
371 446 524 526 attingere.
568 449 649 510 Cum
662 447 706 509 eis
723 468 781 524 me,
797 459 831 509 ut
844 447 914 523 dixi,
930 449 1060 524 oblecto,
1076 447 1129 527 qui
1143 468 1188 509 res

183 556 281 623 gestas
294 556 347 606 aut
360 543 510 606 orationes
528 544 709 623 scripserunt
728 565 797 606 suas
814 556 866 606 aut
880 544 933 623 qui
950 544 993 606 ita
1015 547 1187 623 loquuntur,

138 695 172 756 15
185 653 218 701 ut
231 640 389 702 videantur
398 641 528 703 voluisse
541 662 608 703 esse
616 641 713 717 nobiS,
726 641 778 720 qui
792 663 855 703 non
870 662 974 702 sumus
988 640 1186 714 eruditissimi,

138 773 170 822 6,
184 737 350 800 familiares.
393 741 455 801 Sed
468 738 540 800 illuc
553 740 662 800 redeo:
692 738 847 813 videtisne,
863 751 1010 818 quantum
1028 758 1137 799 munus
1151 736 1189 798 sit

184 834 307 896 oratoris
321 835 466 897 historia?
501 838 595 897 Haud
617 835 680 897 scio
694 857 733 897 an
751 836 874 898 flumine
892 836 1035 898 orationis
1056 847 1086 897 et
1100 835 1217 906 varie-5

184 944 245 994 tate
264 933 428 994 maximum
439 956 448 1009 ;
477 954 576 1011 neque
597 954 664 996 eam
685 933 800 1013 reperio
822 954 949 1012 usquam
970 933 1130 1012 separatim
1147 933 1190 993 in·

184 1043 326 1093 structam
341 1035 493 1094 rhetorum
511 1031 697 1110 praeceptis3
726 1031 783 1092 sita
803 1043 873 1092 sunt
890 1031 971 1093 enim
985 1043 1056 1092 ante
1074 1033 1187 1092 oculos.

185 1130 265 1189 Nam
280 1128 347 1207 quis
362 1128 458 1190 nescit
472 1128 599 1207 primam
614 1150 680 1190 esse
699 1128 840 1190 historiae
859 1131 965 1208 legem,
981 1150 1020 1190 ne
1034 1128 1109 1206 quid
1123 1127 1190 1188 falsi

184 1227 284 1288 dicere
312 1229 444 1288 audeat?
480 1226 599 1288 Deinde
628 1248 666 1288 ne
694 1226 768 1305 quid
792 1227 854 1288 veri
881 1246 944 1286 non
972 1227 1107 1288 audeat?
1141 1229 1190 1287 Ne

185 1345 263 1402 quae
277 1323 408 1402 suspicio
421 1323 531 1402 gratiae
546 1323 584 1384 sit
597 1323 629 1384 in
643 1323 828 1385 scribendo?
859 1327 907 1385 Ne
917 1344 994 1402 quae
1008 1322 1191 1384 simultatis?
1206 1341 1237 1375 10

140 1421 173 1484 ⁶³
187 1423 275 1482 Haec
298 1421 412 1482 scilieet
431 1423 628 1482 fundamenta
648 1433 721 1482 nota
742 1432 811 1482 sunt
832 1421 981 1497 omnibus,
1004 1420 1069 1498 ipsa
1088 1432 1190 1481 autem

185 1518 390 1580 exaedificatio
404 1519 502 1598 posita
516 1519 606 1580 estin
620 1521 710 1580 rebus
724 1531 754 1580 et
768 1519 884 1580 verbis:
913 1539 1011 1580 rerum
1026 1519 1101 1578 ratio
1114 1517 1191 1579 ordi-

185 1636 255 1677 nem
278 1627 447 1695 temporum
476 1616 633 1691 desiderat,
659 1616 814 1694 regionum
842 1616 1094 1694 descriptionem3
1127 1618 1191 1677 vult

184 1712 283 1788 etiam,
299 1713 443 1792 quoniam
457 1712 489 1774 in
503 1714 592 1774 rebus
606 1713 721 1792 magnis
735 1713 939 1792 memoriaque
954 1712 1052 1792 dignis
1067 1712 1192 1774 consilia

183 1809 322 1891 primum,
348 1811 460 1873 deinde
483 1823 558 1885 acta,
582 1823 687 1889 postea
707 1822 832 1872 eventus
855 1822 1070 1889 exspectentur,
1097 1821 1128 1871 et
1152 1811 1191 1871 de
1206 1827 1235 1879 15

185 1908 317 1971 consiliis
339 1907 498 1987 significari
518 1907 593 1986 quid
614 1908 739 1987 scriptor
759 1909 867 1987 probet
887 1920 918 1969 et
938 1908 970 1968 in
992 1909 1080 1969 rebus
1101 1907 1191 1987 gestis

186 2005 329 2068 declarari
344 2027 406 2068 non
426 2008 524 2067 solum
546 2006 619 2084 quid
638 2017 740 2067 actum
760 2017 812 2067 aut
826 2004 942 2067 dictum
962 2005 1008 2079 sit,
1026 2008 1081 2066 sed
1100 2005 1191 2066 etiam

187 2124 249 2182 quo
264 2106 364 2177 modo,
381 2114 496 2164 etcum
511 2105 550 2164 de
571 2115 680 2165 eventu
697 2103 821 2179 dicatur,
838 2115 871 2163 ut
885 2123 993 2164 causae
1007 2102 1192 2181 explicentur

188 2221 294 2262 omnes
308 2203 355 2262 vel
369 2221 456 2262 casus
475 2203 524 2262 vel
543 2200 706 2278 sapientiae
723 2202 770 2262 vel
784 2200 958 2262 temeritatis
973 2200 1194 2278 hominumque

187 2299 321 2378 ipsorum
349 2319 412 2359 non
439 2301 538 2359 solum
560 2319 606 2358 res
633 2310 742 2376 gestae,
766 2300 820 2359 sed
848 2298 946 2372 etiarn,
976 2297 1028 2376 qui
1051 2299 1130 2358 fama
1156 2318 1193 2358 ac
1209 2325 1239 2360 ιο

142 2401 177 2465 64
189 2396 313 2458 nomine
327 2399 481 2471 excellant,
497 2399 536 2458 de
550 2396 696 2474 cuiusque
709 2395 770 2457 vita
783 2408 874 2474 atque
888 2408 1013 2471 natura3
1034 2396 1193 2456 verborum

188 2507 289 2556 autern
304 2495 379 2556 ratio
393 2507 423 2557 et
437 2515 532 2574 genus
551 2495 693 2557 orationis
709 2498 810 2556 susum
831 2506 922 2573 atque
937 2506 1064 2555 tractum
1079 2507 1193 2555 etcum

187 2594 311 2656 lenitate
333 2596 465 2672 quadam
486 2593 682 2672 aequabiliter
710 2596 860 2672 profluens
886 2591 951 2655 sinc
976 2594 1033 2653 hac
1060 2591 1194 2654 iudiciali

188 2691 347 2771 asperitate
360 2702 391 2751 et
405 2690 470 2751 sine
484 2690 698 2752 sententiarum
707 2689 874 2752 forensibus
889 2689 1001 2751 aculeis
1015 2710 1194 2769 persequen-

188 2791 263 2851 dum
284 2800 337 2850 est.
382 2791 501 2850 Harum
523 2800 569 2850 tot
591 2800 799 2867 tantarumque
818 2809 916 2849 rerum
941 2787 1088 2850 videtisne
1112 2789 1195 2848 nulla
1211 2809 1239 2860 ²5

188 2908 254 2950 esse
274 2898 441 2966 praecepta,
461 2906 539 2964 quae
559 2886 592 2946 in
608 2887 720 2948 artibus
742 2889 895 2948 rhetorum
916 2886 1121 2965 reperiantur?
1156 2887 1194 2945 In

190 2988 298 3047 eodem
312 2984 432 3045 silentio
446 2987 540 3045 multa
553 2985 612 3045 alia
630 2997 781 3046 oratorum
800 2984 898 3045 officia
911 2984 1074 3058 iacuerunt,
1090 2985 1195 3044 eohor-

190 3081 325 3154 tationes,
342 3094 507 3160 praecepta,
524 3082 753 3157 consolationes,
769 3081 932 3154 admonita,
948 3101 1026 3159 quae
1040 3082 1195 3141 tractanda

190 3191 260 3242 sunt
287 3179 390 3241 omnia
411 3179 612 3254 disertissime,
638 3182 692 3242 sed
714 3183 815 3241 locum
837 3199 926 3240 suum
948 3178 980 3239 in
1004 3177 1050 3239 his
1072 3178 1193 3251 artibus,

226 3311 259 3360 M
268 3333 289 3350 =
301 3308 384 3358 ΑΕΗ
448 3326 460 3360 1
479 3313 654 3377 conorvulg.:
673 3329 751 3374 cogor
763 3313 796 3361 M
898 3329 913 3374 3
930 3313 1123 3376 prudentissimi
1136 3311 1195 3361 Mm

192 3392 208 3440 5
226 3378 335 3426 oratoris
346 3378 431 3440 vulga
450 3377 501 3426 oris
513 3378 539 3425 A
553 3396 559 3427 :
575 3377 729 3427 horisH¹E¹
815 3379 883 3440 qita
894 3379 952 3427 Mm
1021 3395 1038 3439 9
1056 3395 1192 3441 neque...

193 3459 277 3504 neque
296 3442 328 3490 M
444 3459 472 3504 14
489 3444 611 3506 quoniam
626 3444 649 3494 L
666 3462 738 3494 rece:
765 3446 834 3506 quod
852 3450 939 3493 tamen
957 3444 1014 3492 Mm
1143 3460 1195 3493 rne-

192 3510 323 3571 nroriaque
340 3509 425 3569 dignis
440 3507 462 3556 L
474 3526 529 3560 recc.
542 3527 549 3558 a
572 3513 692 3560 memoria
708 3511 787 3570 digna
803 3510 861 3557 Mm
995 3524 1024 3570 15
1042 3518 1195 3571 exspectan·

192 3572 267 3622 turL
365 3590 398 3636 93
415 3574 520 3624 leuitate
536 3575 568 3623 M
609 3576 777 3638 aequabiliter
788 3574 832 3624 M:
851 3575 960 3638 equabili
973 3574 995 3622 L
1008 3591 1061 3624 rece.
1162 3590 1195 3636 94

191 3640 369 3753 sopensiumb
381 3655 435 3690 mc.
523 3654 555 3704 25
573 3641 625 3691 ulla
637 3642 729 3690 maluit
738 3639 838 3689 Ellendt
935 3641 967 3689 au
984 3646 1123 3703 praecepta
1134 3655 1196 3688 con-

189 3707 323 3754 soationis
