2648 4216
474 273 518 331 M.
540 273 669 331 TVLLI
691 271 923 332 CICERONIS

196 451 296 518 neque
317 439 360 501 ita
376 442 604 519 amplecteretur
625 451 728 514 artem,
743 451 776 500 ut
795 439 823 500 ei
844 441 983 514 solerent,
1003 436 1056 517 qui
1075 451 1201 501 omnem

197 537 267 598 vim
281 537 404 599 dicendi
427 537 459 599 in
484 548 546 599 arte
570 547 725 616 ponerent,
749 557 847 615 neque
874 552 974 598 rursus
1002 550 1069 598 eam
1096 546 1200 610 totam,

198 634 274 696 sicut
300 637 435 714 plerique
462 635 634 715 philosophi
661 637 800 709 facerent,
823 634 999 714 repudiaret
1043 637 1121 696 ‘Sed
1145 634 1203 695 exi·

198 731 304 792 stimo'
333 731 430 810 inquit
459 737 590 811 ‘gratum
621 744 651 794 te
679 731 734 807 his,
763 734 879 807 Crasse,
907 734 1063 806 facturum,
1091 731 1118 793 si
1146 731 1203 793 ista

198 827 368 905 exposueris
406 848 490 906 quae>
510 841 597 907 putas
626 830 666 891 ad
696 829 860 891 dicendum
890 832 958 909 plus
986 848 1079 905 quam
1106 827 1233 907 ipsams

139 949 183 986 ιιι
198 938 292 986 artem
306 947 395 1005 posse
408 928 569 1005 prodesse!
611 926 738 988 ‘Dicam
756 927 906 1005 equidem,
921 926 1066 1005 quoniam
1079 925 1203 1000 institui,

199 1034 360 1100 petamque
378 1044 397 1084 a
415 1023 519 1098 vobis,'
537 1023 635 1102 inquit
654 1029 712 1086 ‘ne
731 1025 786 1086 has
806 1044 888 1085 meas
909 1023 1037 1102 ineptias
1059 1022 1186 1085 efferatis
1196 1045 1205 1097 ;

200 1138 384 1199 quamquam
406 1123 587 1183 moderabor
608 1122 681 1201 ipse,
696 1143 741 1184 ne
753 1133 788 1183 ut
808 1121 932 1200 quidam
954 1121 1094 1200 magister
1113 1132 1205 1199 atque

199 1217 311 1292 artifex,
337 1220 392 1280 sed
419 1218 505 1296 quasi
531 1233 610 1280 unus
637 1241 675 1280 ex
701 1229 869 1297 togatorum
896 1239 1023 1281 numero
1050 1230 1141 1296 atque
1168 1238 1205 1278 ex

200 1315 311 1377 forensi
325 1318 381 1377 usu
395 1318 489 1378 homo
502 1316 662 1378 mediocris
676 1335 775 1394 neque
788 1315 914 1377 omnino
932 1316 1014 1378 rudis
1027 1315 1129 1377 videar
1142 1334 1205 1376 non
1222 1339 1253 1375 ro

200 1412 266 1490 ipse
292 1433 311 1474 a
338 1433 388 1474 me
414 1413 529 1491 aliquid
555 1413 735 1492 promisisse,
760 1415 815 1475 sed
838 1412 961 1475 fortuito
982 1413 1014 1473 in
1035 1428 1206 1474 sermonem

141 1534 186 1569 rra
200 1521 331 1571 vestrum
363 1510 512 1573 incidisse.
557 1510 708 1589 Equidem
736 1532 805 1572 cum
832 1522 965 1589 peterem
992 1509 1205 1588 magistratum,

202 1609 337 1669 solebam
359 1607 391 1668 in
413 1610 584 1687 prensando
606 1607 755 1669 dimittere
773 1621 792 1668 a
810 1628 860 1668 me
878 1606 1062 1682 Scaevolam,
1078 1627 1148 1668 cum
1166 1606 1209 1667 ita

202 1706 229 1768 ei
251 1705 392 1780 dicerem,
407 1726 457 1767 me
470 1708 547 1767 velle
565 1725 632 1767 esse
649 1705 794 1783 ineptum,
809 1704 842 1766 id
855 1716 926 1779 erat,
942 1716 1043 1783 petere
1057 1703 1206 1777 blandius,

202 1805 295 1882 quod,
310 1802 368 1864 nisi
381 1802 483 1881 inepte
497 1804 588 1877 fieret,
603 1803 682 1863 bene
696 1822 759 1863 non
772 1813 874 1881 posset
887 1801 951 1863 fieri
960 1802 1093 1876 ;-hunc
1105 1812 1207 1861 autem
1224 1825 1254 1875 ¹5

203 1921 269 1964 esse
279 1921 373 1962 unum
384 1899 539 1962 hominem
553 1915 589 1961 ex
599 1899 749 1974 omnibus,
760 1919 822 1978 quo
833 1911 989 1978 praesente
1002 1919 1059 1977 ego
1072 1898 1208 1976 ineptum

204 2019 271 2062 esse
298 2018 347 2060 me
374 1997 499 2060 minime
525 2000 766 2076 vellem—quem
800 1996 924 2074 quidem
958 2011 1041 2058 nunc
1074 2014 1208 2056 mearum

204 2096 382 2176 ineptiarum
404 2107 511 2157 testem
532 2103 562 2157 et
584 2107 782 2174 spectatorem
804 2097 923 2156 fortuna
944 2092 1116 2156 constituit:
1138 2111 1209 2152 nam

205 2194 279 2273 quid
303 2203 348 2254 est
375 2191 504 2270 ineptius
531 2203 623 2270 quam
651 2194 691 2254 de
717 2191 848 2253 dicendo
875 2191 984 2265 dicere,
1013 2210 1083 2251 cum
1111 2189 1210 2268 ipsum

205 2291 305 2353 dicere
315 2309 480 2368 numquam
492 2288 602 2351 sitnon
612 2288 757 2367 ineptum,
767 2287 824 2349 nisi
835 2308 905 2348 cum
916 2298 961 2349 est
971 2285 1172 2349 necessarium
1181 2288 1211 2346 ?'
1227 2315 1258 2349 ιο

146 2398 194 2447 113
208 2392 318 2465 ‘Perge
332 2389 420 2461 vero,'
434 2386 532 2465 inquit
547 2388 689 2460 ‘Crasse’
705 2385 845 2459 Mucius3
867 2385 971 2446 ‘istam
985 2385 1066 2446 enim
1080 2386 1210 2463 culpam,

154 2497 193 2557 as
206 2505 298 2563 quarn
318 2484 435 2558 vereris,
451 2503 508 2562 ego
528 2484 705 2562 praestabo!
748 2482 814 2544 ‘Sic
834 2482 938 2560 igitur’
959 2481 1057 2560 inquit
1079 2480 1212 2554 ‘sentio’

207 2584 332 2644 Crassus
358 2586 511 2643 ‘naturam
534 2580 664 2658 primum
688 2591 779 2658 atque
806 2579 960 2657 ingenium
983 2581 1023 2641 ad
1048 2578 1212 2641 dicendum

206 2678 268 2741 vim
286 2681 402 2740 adferre
422 2678 582 2739 maximam
591 2699 601 2754 3
629 2696 728 2756 neque
751 2697 822 2739 vero
843 2677 915 2752 istis,
931 2679 970 2739 de
991 2677 1101 2755 quibus
1121 2678 1213 2754 paulo

207 2788 278 2838 ante
298 2775 371 2838 dixit
392 2775 552 2850 Antonius,
570 2775 762 2854 scriptoribus
782 2775 852 2836 artis
873 2775 1018 2836 rationem
1040 2773 1162 2836 dicendi
1183 2784 1213 2834 et
1229 2797 1259 2846 ²5

208 2874 295 2949 viam,
322 2876 376 2936 sed
399 2885 536 2936 naturam
560 2873 709 2949 defuisse;
739 2894 810 2934 nam
833 2885 863 2935 et
884 2872 977 2934 animi
998 2884 1089 2951 atque
1112 2870 1214 2949 ingeni

209 2975 319 3033 celeres
338 2971 461 3050 quidam
484 2984 584 3034 motus
603 2993 669 3034 esse
683 2973 804 3046 debent,
820 2972 872 3050 qui
885 2983 916 3033 et
929 2974 969 3032 ad
983 2969 1213 3048 excogitandum

208 3069 289 3131 acuti
310 3080 341 3131 et
364 3072 404 3132 ad
428 3071 638 3150 explicandum
661 3072 891 3147 ornandumque
913 3069 972 3130 sint
992 3069 1100 3129 uberes
1124 3078 1153 3127 et
1174 3066 1214 3126 ad

147 3186 197 3236 114
210 3165 385 3228 memoriam
406 3168 483 3229 firmi
506 3179 597 3246 atque
621 3167 772 3242 diutumi;
800 3178 830 3228 et
852 3166 878 3228 si
901 3165 969 3244 quis
993 3176 1039 3226 est
1063 3163 1115 3242 qui
1138 3165 1214 3224 haec

167 3345 172 3350 ,Α
210 3275 295 3343 putet
314 3277 377 3327 arte
398 3265 495 3345 accipi
511 3258 735 3344 posseſs-quod
754 3267 862 3326 falsum
881 3276 926 3325 est
936 3285 945 3338 3
965 3264 1114 3341 praeclare
1133 3259 1213 3321 enim
1229 3283 1263 3332 30

211 3382 257 3423 res
271 3382 304 3423 se
317 3364 435 3437 habeat,
451 3363 476 3424 si
498 3366 573 3426 haec
591 3363 717 3425 accendi
738 3374 790 3424 aut
809 3359 992 3424 commoveri
1005 3371 1067 3420 arte
1081 3348 1217 3437 possintss

211 3459 301 3522 inseri
321 3461 445 3539 quidem
466 3471 496 3523 et
516 3461 622 3523 donari
644 3462 684 3521 ab
702 3472 764 3522 arte
785 3480 847 3521 non
866 3468 992 3538 possunt
1002 3479 1011 3531 3
1031 3455 1134 3517 omnia
1147 3465 1217 3516 sunt

212 3557 293 3618 enim
307 3558 358 3618 illa
371 3559 453 3619 dona
466 3568 625 3620 naturae-
630 3557 704 3636 quid
717 3559 757 3618 de
770 3555 828 3617 illis
841 3555 950 3629 dicam,
962 3574 1040 3632 quae
1054 3564 1133 3649 cette
1147 3571 1217 3613 curn

375 3711 493 3762 MaHE
588 3728 604 3773 4
622 3713 654 3762 iis
665 3711 698 3760 Μ
788 3728 805 3775 9
822 3728 856 3762 ex
872 3718 1001 3761 oratorum
1012 3708 1046 3758 Μ
