2648 4216
483 264 527 322 M.
550 262 679 322 TVLLI
700 261 935 324 CICERONIS

206 429 366 491 elaborare
410 429 494 505 Quid
516 438 561 490 est
585 428 693 490 oratori
716 439 779 489 tarn
800 428 1001 491 necessarium
1023 449 1115 509 quam
1133 433 1214 501 vox?

207 529 324 589 Tamen
351 548 400 588 me
427 539 549 588 auctore
576 547 667 588 nemo
695 526 816 587 dicendi
848 526 1000 589 studiosus
1028 530 1213 590 Graecorum

208 645 291 685 more
317 626 526 702 tragoedorum
553 623 620 684 voci
648 623 762 697 serviet,
791 623 843 701 qui
870 635 901 685 et
927 644 1024 686 annos
1052 626 1213 703 compluris

208 725 345 784 sedentes
373 722 565 783 declamitant
587 732 617 782 et
645 721 764 795 cotidie,
792 732 862 782 ante
890 742 981 800 quam
1008 723 1211 801 pronuntient,

207 840 313 880 vocem
334 821 477 881 cubantes
500 819 610 880 sensim
632 819 761 879 excitant
782 820 979 897 eandemque,
996 839 1064 880 cum
1079 833 1241 898 egerunt‚5

207 918 346 977 sedentes
364 917 404 978 ab
417 917 589 978 acutissimo
610 936 687 977 sono
707 936 803 994 usque
823 918 863 976 ad
883 916 1089 993 gravissimum
1103 938 1212 978 sonum
1266 948 1268 952 ⁸

206 1015 353 1093 recipiunt
377 1027 406 1076 et
431 1015 516 1092 quasi
540 1016 673 1092 quodam
694 1016 787 1074 modo
811 1014 972 1091 conligunt.
1017 1017 1090 1076 Hoc
1110 1036 1166 1076 nos
1187 1015 1212 1076 si

205 1115 303 1174 iacere
337 1112 470 1186 velimus,
499 1123 569 1172 ante
603 1112 843 1172 condemnentur
876 1111 912 1184 ei,
947 1132 1075 1189 quorum
1107 1132 1212 1173 causas

206 1209 413 1288 receperimus,
429 1230 520 1288 quam
535 1209 653 1283 totiens,
670 1209 808 1286 quotiens
827 1208 1044 1286 praescribitur,
1060 1213 1211 1271 Paeanem

148 1332 193 1382 252
206 1321 258 1369 aut
279 1310 425 1385 hymnum
446 1307 636 1368 recitarimus.
681 1308 773 1382 Quod
794 1306 820 1367 si
839 1306 870 1366 in
892 1319 986 1384 gestu,
1009 1307 1061 1384 qui
1082 1310 1211 1368 multum
1227 1330 1256 1366 ra

207 1418 354 1466 oratorem
368 1405 496 1478 adiuvat,
512 1417 542 1466 et
556 1404 587 1464 in
601 1424 684 1477 voce,
700 1423 777 1481 quae
792 1425 852 1464 una
866 1403 994 1464 maxime
1008 1404 1211 1482 eloquentiam

206 1505 253 1564 vel
280 1505 472 1564 commendat
494 1505 541 1564 vel
563 1502 697 1575 sustinet,
720 1502 873 1562 elaborare
895 1501 984 1562 nobis
1005 1522 1067 1562 non
1086 1502 1156 1563 licet
1174 1523 1211 1563 ac

205 1610 322 1660 tanturn
336 1600 367 1661 in
382 1612 509 1678 utroque
526 1599 652 1677 adsequi
670 1618 839 1677 possumus,
855 1610 1002 1677 quantum
1016 1599 1047 1659 in
1068 1601 1126 1660 hac
1145 1599 1211 1660 acie

206 1697 348 1759 cotidiani
369 1697 500 1759 muneris
521 1697 598 1775 spati
619 1696 707 1757 nobis
731 1698 826 1770 datur,
849 1709 963 1774 quanto
985 1696 1084 1758 minus
1105 1708 1150 1758 est
1171 1698 1211 1758 ad

205 1794 275 1856 iuris
312 1795 404 1856 civilis
441 1794 631 1873 perdiscendi
672 1793 901 1871 occupationem
940 1795 1211 1855 descendendum?
1228 1811 1256 1861 15

206 1893 299 1968 Quod
324 1904 353 1953 et
377 1891 549 1953 summatim
571 1891 684 1969 percipi
712 1891 776 1952 sine
796 1890 933 1952 doctrina
956 1903 1056 1970 potest
1080 1903 1110 1953 et
1130 1892 1210 1952 hanc

205 1989 297 2048 habet
317 1990 357 2049 ab
377 1989 435 2050 illis
457 1990 546 2050 rebus
568 1988 849 2062 dissimilitudinem,
872 1990 956 2066 quod
978 2009 1036 2050 vox
1060 2001 1090 2050 et
1110 2000 1211 2068 gestus

205 2085 306 2146 subito
330 2086 408 2146 sumi
428 2097 459 2146 et
481 2086 603 2147 aliunde
623 2085 719 2164 adripi
742 2107 804 2148 non
825 2098 933 2165 potest,
949 2086 1019 2147 iuris
1041 2087 1151 2149 utilitas
1171 2089 1211 2149 ad

205 2202 357 2261 quamque
371 2204 492 2244 causam
506 2184 642 2262 quamvis
655 2196 778 2262 repente
795 2185 842 2245 vel
856 2203 875 2244 a
893 2184 995 2261 peritis
1009 2187 1056 2245 vel
1070 2187 1109 2245 de
1130 2185 1211 2246 libris

146 2297 194 2350 ²53
206 2280 342 2358 depromi
355 2294 462 2359 potest.
506 2284 613 2360 Itaque
634 2281 676 2342 illi
697 2281 882 2342 disertissimi
903 2282 1041 2343 homines
1060 2282 1211 2344 ministros
1226 2300 1256 2335 ²0

205 2377 318 2438 babent
333 2378 364 2438 in
383 2379 479 2440 causis
498 2379 568 2440 iuris
582 2379 701 2457 peritos,
718 2398 787 2440 cum
802 2379 859 2457 ipsi
873 2379 932 2440 sint
947 2379 1166 2458 imperitissimi,
1182 2381 1211 2442 ei

206 2475 266 2553 qui,
282 2488 315 2536 ut
329 2477 383 2537 abs
402 2488 432 2537 te
453 2479 544 2555 paulo
562 2488 633 2538 ante
656 2476 770 2538 dictum
791 2487 845 2550 est,
860 2476 1034 2555 pragmatici
1048 2488 1193 2539 vocantur
1202 2500 1211 2553 3

205 2572 236 2632 in
260 2594 322 2651 quo
344 2575 436 2635 nostri
459 2574 583 2635 omnino
608 2574 714 2635 melius
739 2576 842 2648 multo,
869 2575 953 2651 quod
980 2575 1210 2636 clarissimorum

205 2672 361 2733 hominum
389 2672 564 2733 auctoritate
591 2674 672 2751 leges
694 2683 724 2733 et
752 2672 816 2733 iura
843 2683 922 2733 tecta
949 2692 1016 2733 esse
1042 2675 1208 2734 voluerunt.

205 2770 266 2830 Sed
280 2781 380 2830 tamen
394 2790 456 2830 non
470 2769 592 2846 fugisset
606 2771 666 2831 hoc
680 2772 811 2831 Graecos
825 2770 972 2843 homines,
988 2770 1013 2831 si
1032 2770 1073 2830 ita
1086 2791 1210 2832 necesse
1225 2797 1237 2832 α
1241 2798 1255 2848 5

205 2885 270 2926 esse
283 2867 415 2927 arbitrati
433 2878 541 2941 essent,
557 2877 705 2928 oratorem
726 2867 825 2944 ipsum
846 2867 963 2928 erudire
983 2869 1016 2928 in
1037 2867 1100 2929 iure
1120 2868 1208 2942 civili,

205 2982 267 3022 non
289 2962 317 3023 ei
341 2964 556 3042 pragmaticum
583 2963 750 3025 adiutorem
763 2968 765 2972 ’
778 2966 857 3026 dare.
915 2967 995 3026 Nam
1023 2966 1107 3043 quod
1133 2965 1210 3027 dicis

205 3072 389 3121 senectutem
416 3082 434 3122 a
468 3061 630 3123 solitudine
664 3061 808 3123 vindicari
842 3061 913 3124 iuris
948 3062 1041 3124 civilis
1075 3062 1208 3137 scientia,

204 3158 327 3219 sortasse
349 3159 439 3220 etiam
461 3159 607 3238 pecuniae
631 3160 856 3238 magnitudine;
884 3162 939 3222 sed
966 3181 1023 3221 nos
1045 3181 1108 3221 non
1136 3160 1210 3239 quid

204 3256 292 3316 nobis
306 3257 385 3329 utile,
400 3278 504 3318 verum
524 3256 598 3335 quid
618 3257 728 3319 oratori
747 3258 948 3320 necessarium
967 3258 1012 3331 sit,
1029 3257 1207 3336 quaerimus.
1224 3284 1256 3334 30

206 3354 406 3431 Quamquam,
429 3353 572 3432 quoniam
594 3357 688 3416 multa
709 3356 750 3417 ad
774 3355 899 3417 oratoris
921 3355 1147 3417 similitudinem
1168 3356 1209 3416 ab

145 3029 192 3080 ²54

241 3525 270 3558 ιο
287 3512 410 3572 hymnum
428 3509 587 3560 recitarimus
601 3510 713 3560 Ritsoilr
745 3511 894 3561 munionem
910 3511 1040 3561 citarimus
1056 3511 1139 3561 aaa:
1163 3527 1209 3560 no·

204 3575 315 3624 urionem
325 3577 455 3626 citarirnus
468 3577 574 3625 Talaeus
639 3591 670 3625 ar
689 3577 838 3639 peritissimi
851 3576 936 3626 codd:
953 3577 1058 3626 correxit
1065 3575 1210 3626 Lambinus

204 3642 238 3690 26
254 3641 280 3689 in
291 3657 343 3689 om.
356 3641 433 3704 codd,
447 3640 506 3690 add.
521 3640 655 3690 Manutius
