2648 4216
488 257 532 316 M.
555 256 684 315 TVLLI
706 255 940 317 CICERONIS

210 421 334 498 Antoni,
350 420 403 500 qui
417 424 477 483 hoc
496 420 667 483 deversorio
686 419 832 483 sermonis
847 419 907 482 mei
925 420 1053 483 libenter
1065 421 1220 500 acquietu-

210 539 277 580 rum
291 531 321 581 te
335 539 400 581 esse
419 518 528 595 dixisti,
543 531 697 596 tamquam
717 518 749 578 in
766 518 961 596 Pomptinum
983 519 1152 595 deverteris,
1168 541 1220 582 ne-

211 635 271 694 que
289 636 451 678 amoenum
472 636 572 694 neque
591 616 741 677 salubrem
763 617 873 690 locum,
889 636 1007 691 censeo,
1023 628 1057 677 ut
1073 616 1145 678 satis
1164 617 1219 679 diu

210 723 241 774 te
255 725 342 793 putes
356 712 506 791 requiesse
520 724 551 773 et
565 712 620 773 iter
633 712 781 790 reliquum
796 714 944 774 conficere
958 716 1081 792 pergas'

254 814 338 889 ‘Ego
352 830 431 885 vero,
447 821 538 888 atque
552 809 646 871 hilare
666 809 790 888 quidem
804 830 823 871 a
837 822 867 872 te
880 814 1041 889 acceptus,'
1055 810 1153 888 inquit
1170 817 1218 872 ‘et
1233 833 1248 880 5

210 927 280 969 cum
305 907 422 969 doctior
445 927 499 986 per
521 919 559 982 te,
585 919 650 968 turn
679 907 769 969 etiam
797 907 940 968 audacior
968 910 1063 969 lactus
1091 907 1151 968 iam
1176 911 1217 969 ad

209 1004 396 1081 iocandum;
425 1025 488 1066 non
517 1004 599 1066 enim
620 1025 723 1066 vereor
744 1025 783 1066 ne
804 1005 872 1084 quis
896 1025 945 1066 me
970 1004 1001 1065 in
1030 1005 1087 1066 isto
1108 1025 1218 1083 genere

209 1102 352 1164 leviorem
373 1101 434 1163 iarn
461 1114 555 1181 putet,
581 1102 726 1182 quoniam
754 1103 878 1182 quidem
906 1114 939 1164 tu
968 1101 1120 1163 Fabricios
1142 1101 1217 1162 milri

210 1210 348 1260 auctores
369 1211 399 1261 et
419 1199 587 1274 Africanos,
614 1199 774 1274 Maximos,
797 1201 939 1274 Catones,
962 1199 1094 1278 Lepidos
1116 1211 1218 1278 protu-

149 1320 193 1370 291
210 1295 279 1356 listi.
323 1297 384 1358 Sed
397 1296 515 1358 habetis
530 1317 574 1371 ea,
590 1317 668 1376 quae
683 1297 772 1358 vultis
791 1317 828 1358 ex
848 1317 898 1358 me
917 1297 1030 1371 audire,
1047 1298 1085 1358 de
1105 1296 1216 1374 quibus
1232 1319 1263 1355 10

209 1393 335 1471 quidem
362 1394 529 1456 accuratius
558 1395 723 1456 dicendum
751 1407 781 1456 et
809 1395 1004 1474 cogitandum
1032 1395 1088 1456 luit
1100 1416 1109 1471 3
1143 1415 1215 1455 nam

209 1503 308 1552 cetera
329 1491 461 1552 faciliora
481 1504 551 1553 sunt
571 1504 663 1570 atque
684 1512 721 1554 ex
741 1491 793 1566 eis,
809 1513 887 1570 quae
908 1492 989 1554 dicta
1008 1503 1086 1566 sunt,
1101 1492 1216 1570 reliqua

157 1608 195 1669 72
209 1601 372 1650 nascuntur
386 1589 497 1651 omnia.
541 1593 607 1668 Ego
621 1589 703 1651 enirn
723 1611 793 1652 cum
813 1592 853 1652 ad
875 1611 997 1652 causam
1017 1611 1084 1652 sum
1098 1592 1216 1668 adgres-

209 1707 260 1747 sus
273 1699 364 1765 atque
378 1687 481 1749 omnia
499 1687 670 1766 cogitando,
686 1690 788 1766 quoad
806 1691 903 1750 facere
920 1687 1014 1767 potui,
1029 1699 1213 1767 persecutus,

208 1803 278 1844 cum
293 1796 323 1845 et
337 1796 510 1862 argumenta
524 1805 632 1846 causae
643 1797 674 1846 et
684 1805 737 1846 eos
750 1787 842 1859 locos,
853 1786 964 1863 quibus
973 1784 1067 1846 animi
1078 1784 1213 1845 iudicum
1228 1808 1259 1859 15

208 1881 414 1956 conciliantur,
439 1894 469 1943 et
494 1881 570 1956 illos,
593 1881 703 1960 quibus
725 1894 944 1960 permoventur,
969 1881 1032 1943 vidi
1052 1893 1143 1959 atque
1164 1902 1214 1942 co

207 1977 306 2056 gnovi,
323 1990 388 2038 turn
402 1978 553 2040 constituo
570 1979 645 2057 quid
659 1980 769 2040 habeat
783 2000 874 2040 causa
887 1999 1025 2059 quaeque
1040 1978 1121 2052 boni,
1138 1978 1213 2056 quid

209 2075 302 2150 mali3
321 2077 404 2136 nulla
417 2075 499 2137 enim
514 2079 574 2138 lere
591 2088 691 2155 potest
710 2097 756 2138 res
774 2076 805 2137 in
825 2076 947 2139 dicendi
961 2075 1211 2154 disceptationem

208 2183 261 2232 aut
282 2173 513 2234 controversiam
527 2173 635 2248 vocari,
651 2194 729 2253 quae
750 2194 812 2235 non
833 2174 943 2234 habeat
962 2185 1131 2252 utrumque,
1147 2174 1211 2246 sed,

146 2295 193 2347 292
209 2281 357 2346 quantum
377 2272 495 2346 habeat,
511 2271 543 2333 id
564 2274 674 2347 relert3
694 2291 762 2332 mea
781 2282 883 2332 autem
901 2270 976 2331 ratio
997 2273 1072 2332 haec
1093 2291 1158 2332 esse
1179 2269 1212 2331 in
1226 2295 1260 2330 ao

208 2365 340 2428 dicendo
354 2369 438 2441 solet,
450 2380 492 2442 ut,
504 2368 577 2428 boni
589 2370 672 2447 quod
683 2369 822 2443 habeam,
834 2367 864 2429 id
875 2369 1046 2445 amplectar,
1059 2387 1210 2442 exornem,

208 2483 391 2542 exaggerem,
407 2464 449 2525 ibi
463 2485 638 2540 commorer,
650 2465 692 2527 ibi
706 2465 849 2539 habitem,
865 2465 907 2526 ibi
921 2467 1079 2540 haeream;
1096 2484 1116 2525 a
1130 2467 1212 2526 malo

208 2572 310 2621 autem
330 2560 463 2639 vitioque
484 2582 593 2623 causae
614 2562 655 2623 ita
677 2564 826 2636 recedam,
848 2581 911 2622 non
929 2573 963 2622 ut
985 2582 1036 2623 me
1055 2561 1087 2623 id
1108 2563 1211 2640 lugere

207 2669 357 2736 appareat,
373 2659 426 2719 sed
448 2669 481 2719 ut
502 2670 600 2719 toturn
621 2660 704 2720 bono
723 2659 775 2719 illo
794 2660 931 2720 ornando
950 2670 980 2719 et
998 2660 1138 2736 augendo
1152 2659 1211 2720 dis-

208 2754 381 2816 simulatum
396 2756 538 2816 obruatur
547 2779 557 2831 3
577 2767 616 2830 et,
632 2755 656 2816 si
671 2776 762 2817 causa
781 2768 827 2816 est
848 2755 879 2815 in
899 2755 1091 2834 argumentis,
1107 2755 1211 2816 firmis
1225 2778 1257 2827 ²5

208 2851 284 2913 sima
303 2872 440 2931 quaeque
462 2851 590 2914 maxime
611 2864 704 2927 tueor,
723 2853 785 2914 sive
806 2855 891 2931 plura
912 2864 982 2913 sunt
1002 2853 1065 2913 sive
1085 2852 1210 2931 aliquod

207 2968 323 3025 unum,
344 2948 389 3009 sin
404 2959 505 3010 autem
520 2949 552 3010 in
567 2949 777 3011 conciliatione
791 2960 843 3010 aut
864 2947 896 3009 in
917 2949 1105 3027 permotione
1119 2969 1211 3011 causa

207 3056 260 3119 est,
276 3047 398 3107 adeam
418 3067 467 3108 me
487 3046 677 3125 potissimum
699 3058 823 3125 partem,
839 3066 917 3125 quae
938 3045 1068 3108 maxime
1089 3067 1210 3109 movere

144 3163 192 3214 293
206 3142 323 3203 animos
344 3144 503 3205 hominurn
523 3156 631 3223 potest,
655 3147 784 3205 confero.
829 3146 955 3206 Summa
971 3144 1104 3222 denique
1120 3143 1210 3205 huius

205 3239 320 3319 generis
342 3243 416 3302 haec
434 3253 487 3316 est,
503 3253 537 3302 ut
551 3241 576 3302 si
590 3241 622 3302 in
641 3243 805 3303 refellendo
823 3240 993 3302 adversario
1010 3241 1122 3302 tirmior
1143 3262 1210 3303 esse
1225 3261 1253 3312 au

239 3393 272 3443 Μ
280 3418 301 3436 --
314 3395 399 3445 AEH
503 3411 514 3444 1
533 3395 576 3458 qui
589 3394 627 3444 L:
645 3396 706 3459 quid
719 3393 752 3443 Μ
758 3412 763 3443 :
788 3394 876 3458 quiin
893 3393 990 3444 Schala
1062 3395 1112 3443 mei
1125 3395 1209 3460 vulgo:

205 3460 320 3510 tuicodd.
388 3460 554 3510 aPontinum
566 3458 624 3509 Mm
690 3475 829 3524 saccep..
845 3497 850 3509 .
864 3497 871 3510 .
884 3470 968 3523 perte
981 3458 1014 3508 Μ
1080 3477 1109 3509 ro
1126 3461 1209 3510 volui-

204 3525 367 3588 stivaulg.
456 3541 486 3574 ra
503 3527 551 3574 iam
564 3525 746 3589 dictaLvulg.
836 3528 866 3575 16
883 3524 1090 3575 concitanturM
1178 3542 1210 3588 19

204 3599 341 3707 :rqtffirque
354 3625 360 3638 .
373 3627 380 3642 .
395 3627 401 3641 .
415 3590 509 3640 habeat
528 3607 579 3640 om.
600 3589 633 3639 Μ
728 3605 758 3639 ar
777 3590 872 3640 habeat
888 3592 911 3640 L
925 3592 994 3655 vulga
1098 3591 1132 3639 26
1149 3598 1209 3642 tuor

285 3674 313 3721 ἕ·
327 3672 360 3718 32
