2648 4216
465 275 524 334 ns
545 272 751 335 oaxroau
793 272 810 333 1
1154 274 1256 352 μισ,

138 454 169 506 et
185 445 304 524 copiam
322 463 420 506 rerum
439 441 542 504 intua
562 440 721 521 prudentia
739 439 871 502 sciebam
893 439 990 503 inesse
999 462 1010 517 3
1030 439 1061 502 in
1080 460 1144 502 ora·

140 541 212 602 toris
228 561 299 603 vero
318 539 517 602 instrumento
533 551 594 600 tam
611 539 723 598 lautam
740 536 956 615 supellectilem
977 557 1142 617 numquam

140 636 290 699 videram'
333 640 443 699 ‘Potes
465 635 571 714 igitur,'
589 634 686 713 inquit
703 636 829 697 Crassus
851 639 903 696 ‘ut
926 633 985 695 alia
1006 634 1142 696 omittam
1159 647 1207 698 166

140 733 369 796 innumerabilia
396 746 426 797 et
453 733 601 795 immensa
627 744 658 795 et
684 733 725 793 ad
753 731 852 810 ipsum
875 744 961 794 tuum
986 731 1032 794 ius
1056 732 1143 794 civile

110 855 125 906 5
139 831 265 907 veniam,
281 843 413 893 oratores
429 841 533 909 putare
549 849 611 903 eos,
626 849 704 908 quos
720 831 829 890 multas
845 830 934 890 horas
952 828 1141 908 exspectavit,

139 948 208 989 cum
223 928 254 990 in
268 948 409 1007 campum
424 938 602 1006 properaret,
611 938 642 989 et
655 925 756 988 ridens
769 936 800 988 et
813 928 1005 988 stomachans
1013 929 1045 987 P.
1056 929 1143 988 Scae·

138 1028 215 1100 vola,
225 1047 295 1088 cum
306 1029 467 1104 Hypsaeus
476 1023 605 1086 maxima
612 1043 696 1098 voce,
706 1022 840 1102 plurimis
848 1023 1025 1084 verbisaM.
1032 1024 1142 1085 Crasso

138 1135 273 1202 praetore
290 1125 494 1197 contenderet,
509 1133 543 1184 ut
559 1121 597 1196 ei,
612 1141 704 1200 quem
722 1121 913 1194 defendebat,
928 1141 1018 1182 causa
1034 1122 1141 1182 cadere

134 1221 248 1295 liceret,
270 1223 327 1284 Cn
345 1233 447 1282 autem
470 1219 622 1293 Octavius,
645 1221 739 1280 homo
761 1218 933 1293 consularis,
956 1238 1019 1279 non
1040 1217 1140 1280 minus

95 1343 125 1379 ro
138 1319 227 1396 longa
241 1317 377 1380 oratione
389 1328 547 1392 recusaret,
562 1338 602 1379 ne
617 1315 801 1379 adversarius
815 1336 906 1378 causa
919 1318 1038 1377 caderet
1051 1336 1088 1377 ac
1100 1335 1141 1377 ne

137 1414 172 1490 is,
191 1436 247 1495 pro
268 1436 331 1495 quo
352 1415 418 1495 ipse
438 1415 559 1488 diceret,
577 1413 656 1492 turpi
678 1416 790 1474 tutelae
812 1412 925 1474 iudicio
945 1425 1037 1492 atque
1056 1411 1141 1474 omni

137 1513 275 1575 molestia
292 1514 417 1576 stultitia
433 1512 593 1575 adversarii
611 1511 821 1573 liberareturi'
863 1513 949 1588 ‘Ego
962 1530 1033 1572 vero
1048 1510 1140 1585 istos,’
1157 1527 1204 1594 ¹⁶7

136 1610 284 1690 inquit-⁸
292 1611 417 1673 memini
440 1610 522 1673 enim
546 1609 621 1670 mihi
644 1629 761 1670 narrare
783 1607 1025 1670 Mucium-non
1045 1611 1140 1671 modo

136 1708 261 1772 oratoris
279 1709 404 1771 nomine
425 1709 480 1770 sed
500 1728 540 1769 ne
561 1709 628 1768 loro
649 1705 772 1785 quidem
793 1705 901 1784 dignos
920 1705 969 1767 vix
993 1706 1141 1786 putarim’

92 1830 123 1882 ¹⁵
135 1809 146 1838 '‘
157 1805 250 1884 Atqui
268 1825 330 1867 non
347 1803 443 1867 defuit
461 1803 520 1865 illis
536 1802 686 1882 patronis'
699 1801 797 1880 inquit
811 1804 936 1865 Crassus
951 1803 1139 1883 ‘eloquentia

136 1923 236 1980 neque
248 1900 371 1965 dicendi
384 1901 460 1963 ratio
472 1913 525 1963 aut
538 1900 634 1980 copia,
647 1902 701 1961 sed
711 1899 782 1961 iuris
793 1899 886 1962 civilis
893 1900 1037 1963 scientia:
1055 1903 1139 1981 quod

134 2001 209 2060 alter
228 2003 296 2079 plus
316 2002 383 2078 lege
402 2001 522 2077 agendo
542 1999 672 2077 petebat,
691 2017 782 2076 quam
803 2010 949 2077 quantum
969 1999 1069 2061 lexin
1089 2019 1136 2061 xri

133 2096 244 2157 tabulis
267 2097 448 2176 permiserat,
467 2098 555 2175 quod
577 2116 647 2157 cum
671 2094 865 2173 impetrasset,
887 2117 978 2159 causa
999 2099 1141 2173 eaderet3

134 2196 208 2253 alter
228 2192 366 2272 iniquum
386 2193 512 2272 putabat
532 2195 600 2271 plus
621 2212 724 2253 secum
741 2191 797 2269 agi,
816 2212 906 2271 quam
926 2196 1087 2272 quoderat
1106 2194 1138 2256 in

89 2314 121 2351 ao
133 2289 272 2365 actione3
291 2309 391 2368 neque
404 2289 604 2367 intellegebat,
620 2287 646 2349 si
662 2287 704 2348 ita
721 2300 799 2349 esset
815 2300 925 2363 actum,
941 2289 1023 2351 litem
1036 2293 1138 2352 adver·

134 2385 244 2447 sarium
268 2386 460 2465 perditurum.
513 2385 622 2463 Quid?
650 2385 682 2446 in
706 2385 753 2447 his
777 2385 880 2464 paucis
904 2386 1011 2448 diebus
1035 2408 1137 2449 nonne

133 2484 222 2545 nobis
249 2483 281 2545 in
309 2484 449 2546 tribunali
473 2486 512 2561 Q.
541 2483 666 2562 Pompei
690 2483 834 2562 praetoris
857 2483 963 2545 urbani
986 2484 1137 2547 familiaris

130 2580 226 2642 nostri
248 2581 423 2643 sedentibus
442 2583 536 2642 homo
556 2602 593 2643 ex
615 2600 741 2641 numero
762 2580 940 2641 disertorum
959 2584 1137 2659 postulabat,

132 2688 166 2737 ut
184 2677 235 2751 illi,
253 2679 336 2740 unde
353 2689 510 2756 peteretur,
525 2689 611 2739 vetus
629 2689 720 2757 atque
739 2676 847 2738 usitata
866 2677 1002 2756 exceptio
1020 2680 1139 2740 daretur

89 2790 224 2849 25cv1vs
246 2792 404 2836 suevum:
424 2793 497 2837 urus
518 2778 666 2836 rvrssar?
690 2776 774 2853 quod
794 2773 927 2852 petitoris
949 2795 1038 2836 causa
1058 2794 1139 2836 com·

131 2883 268 2947 paratum
284 2892 351 2933 esse
364 2892 427 2933 non
441 2872 639 2951 intellegebat,
656 2884 697 2946 ut,
713 2873 739 2934 si
756 2872 806 2934 ille
824 2871 965 2933 infitiator
982 2872 1137 2950 probasset

131 2965 223 3029 iudici
236 2980 307 3031 aute
320 2969 444 3048 petitam
458 2990 524 3032 esse
534 2970 702 3048 pecuniam,
715 2991 806 3049 quam
818 2980 897 3031 esset
907 2981 1014 3047 coepta
1024 2969 1135 3044 deberi,

131 3065 239 3142 petitor
252 3086 352 3128 rursus
366 3087 435 3129 cum
450 3078 572 3146 peteret,
585 3088 624 3128 ne
635 3067 810 3146 exceptione
824 3070 1036 3141 excluderetur,
1050 3085 1136 3138 Qvon

130 3178 172 3220 un
196 3179 255 3224 nus
277 3181 312 3224 ur
334 3181 482 3225 1vu1crvu
503 3181 588 3224 nuru
609 3182 767 3225 vuurssm.
813 3164 897 3241 Quid
916 3183 986 3242 ergo
999 3166 1059 3225 hoc
1072 3163 1135 3225 fieri
1151 3175 1198 3240 169

83 3287 118 3338 30
130 3258 245 3336 turpius
258 3271 310 3322 aut
324 3260 384 3322 dici
398 3272 506 3339 potest,
517 3279 608 3339 quam
623 3281 702 3334 eum,
713 3260 764 3338 qui
775 3262 853 3322 hanc
865 3281 1022 3339 personam
1038 3282 1135 3323 susce·

130 3355 214 3432 perit,
237 3366 270 3417 ut
290 3356 457 3419 amicorum
479 3356 695 3419 controversias
719 3377 884 3437 causasque
906 3369 1030 3432 tueatur,
1054 3359 1135 3421 labo

130 3451 264 3514 rantibus
284 3465 445 3528 succurrat,
464 3453 559 3532 aegris
578 3455 740 3528 medeatur,
760 3454 897 3517 adflictos
918 3454 1033 3529 excitet,
1051 3458 1134 3517 hunc

161 3607 195 3657 M
203 3632 225 3651 -·=
237 3606 269 3656 H
349 3624 380 3671 14
398 3609 482 3673 putari
502 3606 560 3656 Mm
683 3608 841 3658 reuerentia
860 3607 934 3659 um:
952 3610 1090 3673 prudentia
1109 3610 1132 3661 L

128 3674 195 3740 vulga
292 3690 323 3738 19
340 3675 454 3724 eratM:
473 3673 577 3725 essetL
677 3688 707 3722 ar
726 3673 752 3722 in
765 3673 903 3739 hisvalgm
921 3675 947 3722 in
959 3690 1009 3723 om.
1021 3673 1053 3723 H
