2648 4216
78 237 178 299 54207
470 223 514 281 M.
537 220 666 280 rvnnr
689 218 923 281 ercarours

192 387 268 449 ratio
289 398 319 448 et
340 386 496 466 permissio
517 398 547 449 et
567 406 683 448 rursum
704 385 763 446 alia
782 384 931 447 dubitatio
952 397 982 448 et
1003 385 1202 464 improvisum

193 485 338 564 quiddam
362 497 393 546 et
417 484 617 546 dinumeratio
641 495 672 545 et
691 483 750 544 alia
770 482 915 545 correctio
935 494 966 545 et
989 483 1147 562 dissipatio
1171 495 1203 545 et

193 582 402 644 continuatum
417 594 448 644 et
461 581 659 660 interruptum
673 591 703 642 et
722 580 822 659 imago
842 591 873 642 et
892 580 950 642 sibi
968 580 1026 660 ipsi
1044 580 1203 660 responsio

194 691 225 742 et
243 679 413 741 immutatio
432 690 463 741 et
481 678 628 741 diiunctio
647 689 678 740 et
696 679 772 739 ordo
789 688 820 739 et
838 677 943 739 relatio
961 689 992 739 et
1006 678 1152 756 digressio
1172 689 1202 740 et

133 787 180 836 ωε
194 776 437 856 circumscriptio.
482 779 571 838 Haec
589 776 671 838 enim
691 786 761 837 sunt
779 778 841 837 fere
858 787 950 854 atque
969 778 1078 837 horum
1093 774 1231 841 similias

194 877 242 936 vel
269 877 354 954 plura
378 874 469 937 etiam
494 894 560 936 esse
584 885 721 952 possunt,
743 893 821 953 quae
849 873 1005 935 sententiis
1033 873 1201 935 orationem

141 987 181 1050 55
193 974 413 1053 verborumque
427 971 716 1034 conformationibus
730 970 929 1033 inluminent'
962 973 1067 1048 ‘Quae
1075 970 1202 1052 quidem

194 1081 234 1144 te,
249 1072 365 1143 Crasse,
377 1069 485 1144 video,'
499 1068 597 1149 inquit
612 1070 704 1131 Cotta
716 1070 819 1147 ‘quod
833 1080 907 1130 nota
919 1088 985 1130 esse
999 1068 1089 1130 nobis
1102 1079 1202 1147 putes,

193 1165 259 1228 sine
273 1166 500 1228 definitionibus
519 1178 550 1227 et
569 1166 633 1228 sine
652 1165 798 1245 exemplis
812 1165 972 1228 effudisse!
1016 1167 1099 1244 ‘Ego
1112 1168 1202 1227 vero'

194 1264 292 1344 inquit
307 1267 431 1328 Crassus
448 1269 504 1325 ‘ne
518 1264 569 1325 illa
582 1263 716 1342 quidem,
732 1284 810 1342 quae
831 1283 921 1342 supra
934 1263 1004 1337 dixi,
1020 1283 1100 1325 nova
1113 1263 1202 1325 vobis
1218 1284 1247 1321 ro

133 1377 182 1430 209
195 1382 261 1423 esse
281 1362 451 1436 arbitrabar,
474 1363 528 1423 sed
542 1361 689 1423 voluntati
703 1373 833 1423 vestrum
848 1360 984 1422 omnium
1003 1361 1095 1440 parui.
1141 1361 1202 1422 His

193 1471 295 1521 autem
315 1463 355 1521 de
368 1460 457 1521 rebus
472 1461 517 1520 sol
531 1480 580 1521 me
601 1459 651 1520 ille
671 1459 837 1533 admonuit,
854 1470 888 1520 ut
900 1458 1019 1520 brevior
1026 1479 1132 1532 essem,
1148 1458 1203 1536 qui

194 1557 258 1636 ipse
279 1557 338 1618 iarn
360 1556 559 1636 praecipitans
581 1577 630 1618 me
650 1577 773 1636 quoque
794 1559 869 1619 haec
891 1556 1085 1636 praecipitem
1102 1577 1202 1635 paene

193 1657 329 1717 evolvere
344 1655 450 1733 coegit
494 1657 554 1717 Sed
568 1665 670 1716 tamen
685 1654 774 1716 huius
790 1654 907 1734 generis
921 1655 1139 1717 demonstratio
1154 1665 1203 1717 est

193 1764 223 1813 et
238 1753 375 1814 doctrina
388 1753 453 1831 ipsa
466 1752 612 1832 vulgaris3
635 1773 708 1814 usus
727 1764 828 1815 autem
842 1752 1032 1831 gravissimus
1048 1763 1079 1814 et
1092 1751 1124 1812 in
1142 1754 1246 1824 hoc15

133 1872 181 1908 210
194 1860 259 1911 toto
281 1849 404 1911 dicendi
425 1850 526 1912 studio
546 1849 746 1911 difficillimus.
791 1852 891 1927 Quam
913 1852 954 1912 ob
975 1871 1038 1911 rem
1056 1849 1204 1928 quoniam

194 1949 233 2008 de
252 1959 358 2009 ornatu
378 1949 462 2009 omni
483 1947 624 2010 orationis
646 1960 715 2009 sunt
736 1969 850 2022 omnes,
872 1948 897 2010 si
918 1968 980 2010 non
1001 1946 1149 2027 patefacti,
1171 1960 1205 2008 at

192 2055 272 2106 certe
287 2045 513 2107 commonstrati
526 2045 596 2121 loci,
610 2066 692 2107 nunc
706 2045 780 2125 quid
794 2058 899 2124 aptum
918 2045 963 2120 sit,
980 2046 1039 2107 hoc
1056 2056 1109 2118 est,
1126 2045 1204 2125 quid

193 2143 321 2204 maxime
340 2145 446 2206 deceat
464 2143 495 2204 in
517 2144 659 2218 oratione,
675 2144 838 2206 videamus.
883 2145 1077 2223 Quamquam
1091 2143 1123 2204 id
1138 2143 1204 2222 qui-

192 2242 264 2301 dem
283 2240 474 2319 perspicuum
493 2252 547 2315 est,
562 2261 626 2302 non
644 2241 728 2302 omni
747 2262 854 2302 causae
873 2262 931 2303 nec
951 2239 1080 2302 auditori
1099 2260 1203 2319 neque
1216 2261 1248 2297 ro

193 2357 339 2417 personae
359 2358 458 2417 neque
479 2337 607 2416 tempori
627 2358 791 2417 congruere
812 2338 954 2400 orationis
973 2358 1068 2398 unum
1086 2356 1184 2415 genus
1193 2359 1203 2413 ;

132 2459 178 2495 211
193 2456 265 2497 narn
289 2447 320 2496 et
343 2455 451 2496 causae
478 2434 584 2514 capitis
607 2433 700 2495 alium
725 2438 878 2514 quendam
902 2436 1063 2496 verborum
1090 2455 1202 2495 sonum

193 2531 354 2609 requirunt,
364 2532 457 2593 alium
470 2552 568 2593 rerum
582 2531 762 2611 privatarum
773 2544 864 2612 atque
878 2552 1054 2611 parvarum,
1074 2544 1105 2593 et
1118 2532 1202 2594 aliud

192 2629 313 2691 dicendi
329 2649 424 2708 genus
444 2629 682 2704 deliberationes,
706 2630 789 2691 aliud
807 2630 1004 2703 laudationes,
1022 2628 1104 2690 aliud
1125 2629 1204 2690 iudi-

190 2726 245 2800 cia,
261 2727 343 2788 aliud
357 2747 520 2802 sermones,
533 2727 616 2788 aliud
636 2727 812 2802 consolatio,
832 2727 915 2789 aliud
931 2726 1107 2804 obiurgatio,
1117 2726 1202 2789 aliud
1217 2746 1247 2796 25

191 2823 362 2902 disputatio,
378 2824 461 2885 aliud
480 2824 603 2886 historia
617 2825 775 2886 desiderat
820 2825 924 2886 Refert
943 2824 1034 2886 etiam
1048 2822 1102 2904 qui
1118 2824 1203 2885 audi-

190 2933 250 2995 ant,
267 2933 388 2983 senatus
402 2942 441 2982 an
455 2924 585 3001 populus
599 2943 639 2983 an
653 2922 787 2984 iudices:
808 2923 980 3000 frequentes
994 2942 1034 2983 an
1052 2920 1142 3001 pauci
1161 2942 1202 2982 an

191 3017 309 3097 singuli,
323 3030 354 3080 et
368 3021 489 3098 quales:
511 3019 629 3099 ipsique
648 3030 779 3081 oratores
794 3039 855 3099 qua
873 3019 934 3080 sint
952 3029 1060 3094 aetate,
1074 3020 1199 3093 honore,

190 3116 374 3190 auctoritate,
398 3118 490 3179 debet
511 3116 623 3193 videri3
654 3128 781 3196 tempus,
806 3117 888 3197 pacis
912 3138 953 3178 an
977 3116 1058 3190 belli,
1082 3115 1203 3177 festina·

130 3239 176 3275 212
191 3213 280 3276 tionis
294 3235 334 3275 an
348 3214 399 3276 oti.
443 3217 550 3299 Itaque
564 3218 623 3276 hoc
642 3217 711 3277 loco
729 3215 804 3276 nihil
823 3235 895 3276 sane
912 3226 957 3277 est
971 3216 1054 3293 quod
1068 3214 1201 3294 praecipi
1216 3237 1247 3286 30

224 3369 256 3417 M
265 3394 287 3412 =
299 3369 383 3418 AEH
435 3373 532 3434 gquod
542 3373 718 3421 continuatum
727 3371 750 3419 L
760 3371 806 3420 vul
821 3408 827 3420 .
879 3387 894 3431 4
907 3377 932 3419 et
942 3370 1004 3420 latio
1014 3387 1055 3419 m:
1067 3369 1202 3419 translatio

190 3433 214 3482 L
281 3437 446 3496 pverborum
458 3453 509 3485 om.
522 3436 556 3484 M
620 3452 648 3486 11
668 3443 784 3486 nostrum
825 3435 859 3484 1³¹
926 3449 958 3497 25
975 3444 1054 3498 atque
1064 3450 1203 3485 sermones

190 3498 236 3550 M:
259 3501 327 3550 aliud
339 3517 424 3551 sermo
436 3501 474 3552 L:
498 3501 551 3552 secl.
564 3502 689 3551 Fn'edriclr
795 3504 829 3550 26
845 3499 1086 3564 dissupatioAH¹2
1110 3501 1201 3563 dissip.

188 3563 277 3614 H²m:
294 3565 508 3618 corr.H²mar.
609 3582 640 3628 ap
657 3567 900 3631 aniudicesvulg.:
924 3582 983 3616 corr.
996 3563 1152 3630 H2marg :
1174 3573 1202 3616 at

189 3630 241 3681 iud.
254 3627 329 3680 HA:
346 3633 453 3681 autiud.
494 3634 504 3662 ²
619 3635 652 3681 28
668 3649 719 3696 qua
730 3633 784 3682 sint
795 3632 880 3696 vulg:
899 3633 944 3694 qui
954 3631 1052 3682 sintM
1167 3646 1202 3694 29

189 3696 266 3746 debet
278 3697 345 3759 vulg.
358 3715 364 3746 r
382 3698 478 3746 debent
491 3698 522 3746 M
