2648 4216
456 258 515 319 DE
536 258 744 320 ORATORE
787 259 820 321 11
1154 274 1188 320 ul
1202 281 1234 334 aa

133 436 249 489 certum
276 437 503 506 praeceptorum
530 446 625 504 genus
653 437 683 486 et
710 428 827 505 agenda
854 437 924 487 sunt
951 447 1015 488 non
1041 426 1141 487 minus

134 524 251 598 diserte,
268 544 358 602 quam
378 543 456 602 quae
474 523 506 582 in
525 523 577 584 lite
598 523 746 598 dicuntur,
767 522 943 601 obiurgatio,
965 524 1141 599 cohortatio,

133 621 308 696 consolatio,
334 642 462 700 quorum
490 620 565 681 nihil
593 632 646 695 est,
676 623 760 699 quod
787 641 850 682 non
874 641 992 682 summa
1019 621 1140 683 dicendi

134 731 310 781 ornamenta
332 719 500 794 desideret3
531 722 585 780 sed
610 739 646 780 ex
667 719 794 780 artificio
816 739 863 780 res
887 718 960 781 istae
983 732 1141 798 praecepta

105 831 197 883 snon
210 819 376 896 quaerunt’
416 819 546 878 ‘Plane’
565 816 663 896 inquit
684 819 809 880 Catulus
828 817 1016 880 ‘adsention’
1059 821 1186 896 ‘Agesx

134 916 222 988 vero,’
236 914 333 994 inquit
347 914 499 976 Antonius
515 915 628 993 ‘qualis
647 915 771 976 oratoris
790 926 821 976 et
839 915 943 994 quanti
961 915 1091 977 hominis
1110 915 1141 976 in

133 1011 265 1074 dicendo
292 1023 380 1091 putas
407 1032 473 1074 esse
497 1011 650 1073 historiam
676 1012 843 1074 scriberel’
895 1012 951 1085 ‘Si,
977 1024 1011 1073 ut
1035 1014 1143 1075 Graeci

134 1108 323 1189 seripserunt,
348 1109 477 1185 summi,'
505 1109 602 1188 inquit
627 1111 752 1172 Catulus
763 1132 771 1184 ;
804 1109 857 1184 ‘si,
880 1121 913 1170 ut
940 1111 1044 1185 nostri,
1068 1111 1142 1172 nihil

133 1226 211 1285 opus
230 1217 276 1267 est
296 1217 412 1268 oratore
422 1228 431 1281 ;
452 1205 523 1267 satis
542 1217 587 1267 est
608 1227 671 1267 non
692 1227 758 1268 esse
781 1208 977 1268 mendacem!
1019 1208 1140 1286 ‘Atqui

88 1323 121 1361 ιο
134 1323 173 1364 ne
195 1315 313 1364 nostros
340 1307 535 1379 contemnas,’
558 1303 656 1382 inquit
680 1304 843 1380 Antonius,
870 1305 996 1367 ‘Graeci
1020 1326 1142 1384 quoque

133 1398 190 1478 ipsi
211 1399 254 1462 sic
274 1400 360 1462 initio
388 1401 600 1481 scriptitarunt,
624 1413 658 1462 ut
680 1414 782 1464 noster
807 1405 895 1478 Cato,
917 1414 950 1463 ut
975 1404 1085 1479 Pictor,
1109 1415 1142 1464 ut

134 1498 205 1560 Piso
213 1520 223 1575 ;
243 1510 306 1560 erat
320 1499 401 1560 enim
415 1499 539 1561 historia
552 1499 627 1559 nihil
645 1500 728 1560 aliud
743 1500 800 1560 nisi
814 1500 967 1561 annalium
982 1501 1141 1577 confectio,
1155 1530 1185 1580 ,ca

133 1597 220 1658 cuius
233 1595 276 1658 rei
291 1597 513 1676 memoriaeque
529 1597 668 1677 publicae
690 1598 864 1659 retinendae
885 1619 976 1660 causa
996 1600 1036 1660 ab
1056 1599 1142 1661 initio

134 1714 232 1755 rerum
253 1696 460 1755 Romanarum
479 1715 575 1773 usque
594 1696 635 1756 ad
655 1698 687 1755 P.
706 1695 842 1756 Mucium
863 1697 1037 1775 pontificem
1053 1696 1143 1758 maxi-

90 1809 122 1860 rs
134 1811 218 1852 mum
246 1812 293 1853 res
321 1791 420 1853 omnis
449 1792 635 1871 singulorum
666 1813 814 1854 annorum
845 1794 1009 1855 mandabat
1036 1794 1140 1855 litteris

133 1888 268 1967 pontifex
290 1888 437 1951 maximus
466 1891 673 1968 referebatque
702 1889 733 1950 in
761 1891 865 1951 album
894 1902 924 1952 et
951 1892 1141 1969 proponebat

132 1986 266 2048 tabulam
281 1987 374 2062 domi,
390 1997 523 2065 potestas
543 1999 576 2048 ut
595 1999 674 2048 esset
691 1990 805 2066 populo
824 1988 1035 2067 cognoscendi,
1051 1988 1140 2068 eique

132 2082 223 2144 etiam
234 2104 315 2145 nunc
324 2087 446 2146 annales
456 2083 577 2145 maximi
587 2084 787 2147 nominantur.
812 2088 904 2147 Hanc
912 2085 1137 2150 similitudinem
1152 2109 1185 2162 53

134 2181 285 2243 scribendi
301 2181 386 2243 multi
402 2182 497 2244 secuti
512 2194 590 2256 sunt,
607 2182 659 2261 qui
675 2182 739 2244 sine
754 2183 822 2243 ullis
838 2184 1020 2245 ornamentis
1035 2205 1141 2246 monu-

89 2297 121 2334 ιο
135 2291 237 2340 menta
255 2282 353 2340 solum
378 2291 556 2359 temporum,
581 2280 748 2354 hominum,
772 2283 908 2342 locomm
931 2292 1141 2360 gestarumque

133 2396 233 2437 rerum
247 2376 448 2456 reliquerunt3
469 2377 571 2456 itaque
588 2377 684 2456 qualis
699 2379 781 2457 apud
796 2381 928 2439 Graecos
943 2380 1140 2458 Pherecydes,

134 2472 321 2550 Hellanicus,
338 2475 474 2537 Acusilas
489 2476 545 2537 fuit
565 2475 675 2554 aliique
699 2474 846 2554 permulti,
864 2475 930 2535 talis
947 2487 1049 2538 noster
1063 2479 1140 2540 Cato

132 2582 164 2632 et
180 2570 281 2633 Pictor
301 2584 332 2635 et
354 2573 432 2648 Piso,
455 2573 507 2652 qui
528 2593 628 2652 neque
646 2583 758 2646 tenent,
780 2572 889 2650 quibus
910 2573 1001 2633 rebus
1020 2587 1141 2636 ornetur

132 2669 363 2732 oratio-modo
384 2670 465 2732 enim
487 2673 547 2732 huc
568 2670 625 2731 ista
646 2681 716 2730 sunt
737 2668 976 2747 importata—et,
1000 2671 1074 2731 dum
1097 2672 1141 2732 in·

89 2780 120 2830 ²5
133 2769 289 2846 tellegatur
313 2767 388 2847 quid
408 2768 519 2843 dicant,
544 2789 636 2829 unam
660 2766 781 2828 dicendi
803 2767 924 2827 laudem
945 2779 1052 2845 putant
1073 2788 1139 2831 esse

133 2864 316 2927 brevitatem.
361 2869 488 2927 Paulum
504 2886 537 2928 se
551 2865 642 2927 erexit
657 2877 687 2926 et
705 2864 823 2926 addidit
840 2864 983 2925 maiorem
998 2865 1138 2929 historiae
1151 2889 1184 2941 54

132 2982 241 3023 sonum
255 2963 338 3025 vocis
352 2963 396 3024 vir
409 2964 550 3043 optimus,
564 2963 663 3026 Crassi
678 2961 837 3037 familiaris,
850 2961 1027 3042 Antipater;
1047 2965 1137 3026 ceteri

133 3079 195 3120 non
206 3071 395 3123 exornatores
410 3083 516 3137 rerum,
528 3064 582 3124 sed
593 3075 709 3125 tantum
722 3066 815 3125 modo
828 3074 992 3124 narratores
1000 3063 1138 3123 fuerunt!

134 3160 225 3232 ‘Est’
243 3158 341 3237 inquit
362 3161 488 3222 Catulus
511 3166 562 3221 ‘ut
583 3160 679 3236 dicis;
707 3164 762 3224 sed
781 3161 838 3223 iste
860 3162 924 3241 ipse
948 3160 1068 3222 Caelius
1088 3176 1187 3236 ne-13

89 3267 120 3316 30
133 3273 193 3333 que
213 3254 347 3316 distinxit
361 3255 515 3318 historiam
537 3257 678 3320 varietate
699 3261 834 3320 colorum
859 3280 958 3338 neque
979 3259 1137 3319 verborum

166 3402 182 3435 a
200 3385 356 3450 cohortatio]
370 3388 483 3450 posthoc
495 3387 596 3436 uerbum
607 3387 697 3437 desunt
707 3388 758 3438 duo
767 3389 834 3450 solia
844 3390 871 3439 iu
882 3391 909 3438 Α
920 3409 929 3439 .·
948 3389 1015 3438 uude
1023 3390 1094 3451 sacta
1104 3395 1141 3440 est

133 3449 224 3501 lacuna
240 3452 267 3500 ἐκ
283 3451 352 3501 codd
372 3453 412 3501 La
449 3469 495 3503 .a.
510 3470 534 3514 4,
554 3469 591 3514 13,
605 3469 638 3516 32
657 3453 735 3502 ouda
752 3460 802 3503 cell.
822 3455 930 3503 eiusdem
948 3457 1046 3519 gmm's
1063 3471 1140 3520 usque

133 3516 241 3574 αᾰξόο
340 3517 404 3566 Μ-
448 3518 472 3566 E
552 3519 755 3580 qsicutMrecc.
839 3535 866 3569 11
886 3521 1043 3583 ipsiom.M
1109 3523 1140 3570 16

135 3581 264 3632 referebat
275 3580 434 3632 Lambinus:
457 3583 581 3633 efferebat
592 3584 660 3633 codd.
765 3601 793 3647 17
812 3585 887 3648 eique
899 3585 932 3634 H
935 3586 979 3635 ¹5²
993 3589 1043 3649 36:
1060 3588 1140 3649 hique

134 3662 164 3696 e:
186 3647 205 3696 ii
227 3648 270 3708 qui
292 3648 328 3696 ΙΞι
347 3648 416 3712 vulg.
518 3665 551 3698 ao
568 3657 699 3710 gestarum
718 3650 751 3698 M
846 3667 879 3712 24
897 3652 958 3702 hinc
978 3652 1011 3700 M
1106 3668 1142 3715 30

135 3711 249 3762 colorum
258 3712 365 3774 Jacobs:
384 3714 498 3764 locorum
509 3715 579 3764 codd.
