2648 4216
78 283 180 352 4319ὶ
470 277 515 337 Μ.
535 271 665 337 TVLLI
687 272 920 339 CICERONIS

132 465 179 519 192
193 443 253 520 eis,
268 442 325 523 qui
341 440 511 525 peritissimi
531 456 609 520 sunt,
631 447 852 524 anteponatur?
892 444 1005 507 Omnia
1024 455 1095 506 sunt
1115 443 1197 506 enim

193 541 291 620 posita
303 554 373 603 ante
395 545 508 617 oculos,
524 545 680 605 conlocata
701 543 733 604 in
755 564 811 605 usu
834 542 996 618 cotidiano,
1012 543 1042 603 in
1062 563 1198 621 congres-

193 637 277 699 sione
296 639 453 701 hominum
474 651 566 718 atque
586 639 619 700 in
632 642 718 716 sor03
738 660 837 718 neque
850 639 892 700 ita
906 639 1007 700 multis
1021 639 1124 700 litteris
1144 649 1197 700 aut

191 735 395 798 voluminibus
418 736 534 815 magnis
557 737 767 813 continentur3
795 739 902 799 eadem
925 737 1006 799 enim
1029 740 1106 798 elata
1126 750 1196 799 sunt

192 831 321 910 primum
342 852 362 893 a
382 832 525 911 pluribus,
540 833 652 895 deinde
671 834 775 912 paucis
788 834 886 896 verbis
900 834 1091 896 commutatis
1106 834 1223 903 etiams

131 951 177 1003 19³
191 930 232 990 ab
245 929 359 991 eisdem
373 929 566 1009 scriptoribus
586 931 695 1010 scripta
715 944 785 993 sunt
804 931 930 1010 saepius
974 931 1101 993 Accedit
1114 953 1194 1006 vero,

191 1046 253 1105 quo
280 1026 396 1089 facilius
423 1027 536 1107 percipi
562 1028 764 1107 cognoscique
791 1029 838 1090 ius
866 1028 952 1090 civile
979 1029 1083 1108 possit,
1112 1032 1196 1108 quod

191 1123 315 1185 minime
332 1125 467 1204 plerique
487 1125 672 1201 arbitrantur,
686 1126 761 1187 mira
774 1129 923 1205 quaedam
937 1127 969 1188 in
983 1130 1195 1205 cognoscendo

191 1221 320 1282 suavitas
334 1232 364 1283 et
378 1222 557 1298 delectati03
576 1244 655 1298 narn,
670 1223 733 1284 sive
746 1243 838 1302 quem
859 1226 935 1284 haec
956 1223 1082 1284 Aeliana
1095 1223 1195 1285 studia

191 1319 351 1393 delectant,
365 1319 493 1397 plurima
506 1331 551 1380 est
564 1330 595 1380 et
608 1319 640 1380 in
654 1319 737 1381 omni
755 1319 819 1381 iure
832 1319 912 1380 civili
926 1330 956 1381 et
970 1320 1002 1380 in
1016 1320 1193 1399 pontificum
1209 1338 1240 1375 10

190 1414 274 1476 libris
287 1426 318 1477 et
330 1415 363 1476 in
376 1433 424 1476 x11
439 1416 548 1478 tabulis
560 1416 744 1495 antiquitatis
758 1416 878 1494 effigies,
893 1419 978 1495 quod
992 1428 1022 1477 et
1035 1418 1194 1478 verborum

191 1523 323 1573 vetustas
344 1512 442 1591 prisca
462 1513 652 1591 cognoscitur
677 1523 707 1574 et
734 1513 888 1575 actionum
912 1534 1022 1592 genera
1046 1516 1194 1592 quaedam

191 1609 339 1671 maiorum
362 1609 612 1671 consuetudinem
633 1609 785 1687 vitamque
811 1612 983 1685 declarant,·
1017 1609 1079 1671 sive
1103 1631 1194 1690 quern

191 1706 286 1768 civilis
312 1707 444 1782 scientia,
473 1727 564 1786 quam
591 1710 734 1769 Scaevola
760 1727 824 1768 non
850 1719 936 1786 putat
969 1707 1094 1769 oratoris
1128 1728 1194 1769 esse

190 1804 349 1883 propriam,
374 1807 429 1888 sed
449 1804 605 1867 cuiusdam
626 1825 663 1866 ex
684 1804 743 1866 alio
765 1825 874 1883 genere
894 1804 1079 1884 prudentiae,
1099 1817 1193 1867 totam
1209 1825 1238 1876 ¹5

190 1902 270 1962 hanc
284 1901 438 1979 descriptis
452 1901 592 1963 omnibus
605 1901 731 1962 civitatis
744 1901 921 1964 utilitatibus
939 1923 976 1963 ac
997 1903 1130 1981 partibus
1144 1922 1192 1964 xrr

191 1997 300 2059 tabulis
327 1997 473 2058 contineri
499 1998 629 2060 videbit:
665 1998 727 2060 sive
754 2018 845 2077 quem
872 1999 930 2061 ista
956 2013 1135 2079 praepotens
1162 2012 1192 2064 et

190 2095 318 2172 gloriosa
331 2095 521 2174 philosophia
529 2095 1093 2169 delectat-dicamaudacius-hosce
1101 2099 1193 2160 habet

190 2192 281 2254 fontis
305 2193 441 2255 omnium
468 2192 704 2271 disputationum
732 2213 861 2268 suarum,
886 2194 938 2272 qui
965 2193 1032 2256 iure.
1056 2194 1135 2256 civili
1162 2206 1192 2257 et

129 2307 176 2361 194
190 2290 305 2368 legibus
327 2291 534 2352 continentur:
563 2311 600 2352 ex
623 2291 669 2352 his
693 2290 775 2352 enim
802 2303 833 2352 et
859 2290 1036 2369 dignitatern
1064 2292 1192 2354 maxime
1207 2314 1238 2349 πο

190 2390 388 2465 expetendam
423 2387 568 2462 videmus,
600 2409 670 2449 cum
701 2409 770 2450 vera
804 2388 897 2450 virtus
926 2401 1018 2467 atque
1047 2391 1192 2451 honestus

188 2485 274 2546 labor
287 2484 459 2559 honoribus,
475 2485 622 2563 praemiis,
640 2487 799 2563 splendore
821 2487 987 2560 decoratur,
1001 2485 1073 2546 vitia
1090 2498 1191 2547 autem

189 2582 347 2644 hominum
373 2595 464 2660 atque
491 2585 610 2644 fraudes
638 2582 764 2656 damnis,
789 2581 969 2661 ignominiis,
992 2582 1106 2658 vinclis,
1131 2605 1193 2645 ver·

190 2679 317 2753 beribus,
334 2679 450 2754 exsiliis,
467 2691 562 2740 morte
584 2681 746 2741 multantur
755 2701 765 2754 ,·
785 2691 815 2740 et
829 2680 974 2741 docemur
992 2700 1054 2741 non
1069 2679 1192 2741 infinitis

189 2777 504 2854 concertationumque
531 2776 627 2855 plenis
656 2775 916 2855 disputationibus,
939 2778 993 2837 sed
1016 2777 1192 2838 auctoritate
1207 2803 1237 2853 ²5

189 2887 324 2952 nutuque
351 2876 450 2952 legum
477 2873 607 2936 domitas
630 2875 740 2935 habere
762 2873 910 2949 libidines,
934 2894 1071 2936 coercere
1093 2874 1191 2936 omnis

188 2971 374 3049 cupiditates,
397 2983 498 3033 nostra
518 2971 601 3046 tueri,
620 2973 661 3032 ab
681 2971 785 3033 alienis
808 2973 925 3047 mentis,
948 2976 1061 3047 oculos,
1084 2995 1191 3036 manus

188 3069 344 3131 abstinere.
388 3073 528 3132 Fremant
549 3091 655 3133 omnes
676 3071 753 3147 licet,
770 3072 867 3134 dicam
890 3075 974 3151 quod
992 3072 1106 3134 sentio:
1128 3073 1192 3134 bib

188 3167 332 3229 liothecas
359 3189 408 3230 me
435 3171 556 3231 hercule
583 3171 717 3233 omnium
750 3173 998 3251 philosophorum
1018 3192 1097 3232 unus
1117 3169 1192 3232 mihi

187 3264 305 3327 videtur
318 3285 365 3326 xrr
380 3269 547 3330 tabularum
562 3270 687 3345 libellus,
704 3270 728 3332 si
750 3271 817 3350 quis
831 3273 930 3349 legum
944 3270 1035 3332 sontis
1050 3282 1079 3331 et
1093 3269 1192 3348 capita
1205 3287 1236 3336 30

187 3365 301 3439 viderit,
317 3378 347 3427 et
360 3368 542 3430 auctoritatis
556 3371 689 3448 pondere
703 3381 733 3430 et
747 3369 880 3431 utilitatis
894 3370 1029 3430 ubertate
1043 3387 1188 3447 superare

128 3121 174 3173 ¹95

221 3521 252 3570 Μ
265 3547 284 3564 =
297 3523 328 3570 H
390 3540 407 3586 9
424 3524 531 3573 Aeliana
543 3523 664 3588 Madvig:
683 3523 767 3574 aliena
775 3523 842 3573 codd.
947 3539 977 3584 13
994 3524 1049 3572 sive
1056 3523 1114 3585 quis
1122 3523 1190 3572 civili

189 3589 295 3638 scientia
307 3587 339 3636 H
345 3606 352 3638 t
368 3605 444 3651 quem
462 3605 512 3651 γει
529 3591 597 3652 quod
617 3590 655 3639 Lt
672 3589 772 3638 civilem
785 3589 916 3638 scientiam
928 3588 997 3638 codd.
1083 3602 1114 3651 19
1130 3587 1192 3636 Post

189 3654 261 3702 verda
278 3654 333 3704 iure
350 3653 416 3703 civili
427 3654 520 3717 explrb't
528 3655 576 3717 sol.
588 3655 648 3704 mir
663 3653 747 3703 codin's
757 3652 891 3703 Harleiam'
904 3653 1020 3703 nouum
1030 3654 1190 3717 persm'ptum

191 3735 220 3768 ar
241 3736 298 3770 curn
310 3736 388 3770 verus
400 3727 426 3770 et
437 3719 518 3770 iustus
529 3727 608 3782 atque
618 3721 743 3769 honestus
755 3718 821 3768 codd
834 3735 841 3767 τ
857 3736 915 3768 corr.
927 3719 1045 3768 Fn’edn'ch
1173 3724 1175 3728 ’
