2648 4216
446 282 504 342 on
526 280 733 343 omrorm
775 278 809 338 11
1144 289 1212 353 ro

122 457 240 518 nullum
259 458 379 529 faceres,
395 475 445 516 me
464 455 598 515 teneres’
641 452 703 512 Hic
721 453 845 514 Catulus
863 450 967 512 adrisit
984 461 1015 512 et
1032 449 1129 523 simul,
1145 462 1175 513 28

125 553 296 634 ‘praecisa'
323 552 422 629 inquit
451 550 547 611 ‘mihi
575 549 700 628 quidem
727 560 773 609 est
800 546 956 620 dubitatio,
987 547 1131 625 quoniam

123 671 223 729 neque
245 649 329 712 domi
353 650 531 729 imperaram
555 660 586 710 et
609 649 666 723 hic,
688 649 771 727 apud
791 666 882 725 quem
903 666 985 708 eram
1005 647 1130 719 futurus,

123 748 189 809 sine
203 769 271 810 mea
284 748 433 810 sententia
446 759 507 808 tam
522 747 609 808 facile
623 745 777 824 promisit)

94 858 110 909 5
165 847 245 907 Tum
273 867 380 909 omnes
407 848 512 907 oculos
540 845 572 906 in
599 845 767 907 Antonium
795 843 998 917 coniecemnt,
1024 854 1055 905 et
1081 843 1132 904 ille

126 944 245 1006 ‘audite
269 965 347 1018 vero,
373 943 496 1016 audite,'
521 943 619 1021 inquit
646 942 817 1003 ‘hominem
840 941 921 1003 enim
942 941 1070 1002 audietis
1092 943 1133 1002 de

124 1043 229 1102 schola
251 1054 342 1120 atque
361 1063 380 1103 a
398 1041 539 1120 magistro
558 1054 588 1103 et
609 1041 731 1102 Graecis
750 1039 853 1101 litteris
870 1039 1028 1112 eruditum,
1044 1051 1074 1100 et
1095 1059 1133 1100 eo

124 1139 248 1217 quidem
268 1141 374 1218 loquar
392 1139 602 1212 confidentius,
619 1140 702 1217 quod
718 1140 843 1201 Catulus
860 1137 980 1199 auditor
997 1136 1130 1210 accessit,

124 1237 175 1298 cui
192 1258 256 1299 non
274 1241 373 1299 solum
392 1259 448 1300 nos
468 1238 568 1299 Latini
589 1236 744 1310 sermonis,
763 1238 816 1298 sed
837 1235 928 1297 etiam
950 1235 1057 1297 Graeci
1076 1234 1132 1314 ipsi

80 1363 112 1400 ro
124 1338 224 1397 solent
245 1357 316 1397 suae
337 1336 456 1414 linguae
478 1334 673 1397 subtilitatem
695 1334 933 1413 elegantiamque
955 1335 1129 1394 concedere.

124 1435 186 1496 Sed
209 1434 280 1512 quia
304 1445 405 1495 tamen
430 1435 489 1495 hoc
513 1444 619 1506 totum,
641 1431 787 1511 quicquid
813 1444 866 1504 est,
889 1431 951 1493 sive
972 1431 1130 1492 artificium
1145 1456 1177 1510 ²9

124 1531 188 1593 sive
208 1531 341 1592 studium
362 1530 492 1605 dicendi,
512 1530 570 1591 nisi
590 1529 716 1591 accessit
736 1549 779 1601 os,
797 1530 914 1589 nullum
935 1540 1034 1609 potest
1055 1549 1128 1602 esse,

125 1629 245 1690 docebo
255 1648 317 1702 vos,
327 1628 475 1707 discipuli,
488 1628 520 1688 id
534 1630 617 1706 quod
632 1627 696 1705 ipse
711 1646 774 1687 non
787 1625 889 1699 didici,
905 1626 979 1704 quid
993 1628 1032 1688 de
1046 1627 1130 1687 omni

125 1746 234 1804 genere
244 1723 390 1808 [dicendi]
402 1725 548 1787 sentiam’
584 1724 646 1785 Hic
659 1735 867 1803 posteaquam
881 1723 1055 1798 adrisemnt,
1068 1730 1130 1785 ‘res
1144 1742 1178 1795 30

84 1848 112 1898 ¹⁵
126 1823 201 1884 milii
220 1823 339 1885 videtur
358 1826 441 1884 esse’
461 1823 559 1902 inquit
580 1824 736 1883 ‘facultate
756 1823 913 1900 praeclara,
935 1832 999 1883 arte
1019 1821 1131 1883 medio

126 1922 201 1998 cris3
229 1943 277 1982 ars
298 1921 380 1983 enim
402 1942 505 1983 earum
527 1941 627 1982 rerum
649 1932 703 1994 est,
729 1939 807 1999 quae
828 1920 980 1996 sciuntur;
1008 1919 1133 1982 oratoris

125 2031 228 2081 autem
248 2019 348 2080 omnis
368 2019 448 2081 actio
469 2018 670 2099 opinionibus,
695 2039 758 2080 non
789 2018 920 2091 scientia,
944 2019 1134 2095 continetur3

127 2137 197 2177 nam
214 2128 245 2178 et
260 2118 343 2196 apud
356 2137 409 2179 eos
423 2116 559 2190 dicimus,
576 2115 628 2195 qui
647 2115 793 2189 nesciunt,
809 2128 839 2177 et
853 2136 889 2176 ea
902 2115 1039 2190 dicimus,
1055 2137 1132 2195 quae

127 2214 278 2275 nescimus
291 2214 369 2293 ipsi3
389 2214 491 2292 itaque
509 2225 540 2275 et
557 2213 599 2274 illi
615 2213 687 2274 alias
706 2213 789 2274 aliud
805 2213 919 2274 eisdem
938 2215 978 2274 de
997 2215 1086 2275 rebus
1102 2225 1133 2275 et

82 2337 113 2372 ιο
128 2311 260 2372 sentiunt
273 2323 304 2373 et
318 2311 454 2373 iudicant
471 2322 503 2373 et
518 2331 575 2372 nos
592 2310 753 2372 contrarias
772 2331 861 2389 saepe
875 2330 980 2370 causas
994 2310 1131 2385 dicimus,

128 2429 191 2470 non
211 2411 306 2471 modo
324 2420 358 2469 ut
379 2410 505 2471 Crassus
525 2418 630 2469 contra
650 2427 700 2469 me
720 2407 802 2469 dicat
821 2407 984 2485 aliquando
1004 2420 1056 2469 aut
1076 2430 1134 2487 ego

127 2517 233 2567 contra
247 2508 397 2581 Crassum,
413 2526 484 2567 cum
497 2505 629 2566 altemtri
644 2525 767 2566 necesse
780 2504 818 2565 sit
832 2507 939 2565 salsum
956 2505 1063 2578 dicere,
1080 2507 1134 2568 sed

128 2604 219 2665 etiam
233 2614 267 2664 ut
280 2616 407 2682 uterque
425 2613 560 2664 nostrum
574 2604 682 2663 eadem
696 2603 735 2663 de
751 2623 782 2663 re
795 2602 868 2662 alias
885 2601 968 2663 aliud
982 2603 1133 2676 defendat,

128 2720 199 2761 cum
222 2703 291 2779 plus
313 2721 376 2762 uno
400 2721 503 2761 verum
524 2720 590 2761 esse
611 2720 674 2761 non
697 2699 799 2778 possit.
845 2702 890 2761 Ut
909 2699 997 2777 igitur
1017 2699 1048 2759 in
1069 2700 1134 2761 eius

82 2826 112 2876 ²5
128 2796 212 2859 modi
235 2818 275 2871 re,
299 2818 378 2875 quae
398 2796 559 2858 mendacio
579 2796 649 2856 nixa
668 2795 714 2868 sit,
737 2816 815 2874 quae
835 2799 875 2857 ad
895 2795 1051 2857 scientiam
1071 2818 1135 2859 non

128 2915 218 2975 saepe
238 2895 399 2974 perveniat,
416 2915 494 2974 quae
512 2894 670 2973 opiniones
690 2895 848 2956 hominum
866 2906 897 2955 et
915 2915 1004 2973 saepe
1020 2916 1133 2958 errores

127 3005 301 3072 aucupetur,
316 2992 358 3054 ita
378 2992 487 3066 dicam,
507 2992 532 3052 si
554 3012 675 3053 causam
695 2993 806 3071 putatis
823 3013 896 3065 esse,
915 3013 968 3053 cur
985 2993 1132 3054 audiatis!

129 3093 213 3152 ‘Nos
227 3078 298 3152 vero
311 3102 342 3152 et
355 3093 443 3152 valde
462 3090 603 3168 quidem'
618 3091 742 3153 Catulus
757 3090 854 3168 inquit
870 3095 1027 3168 ‘putamus
1040 3103 1131 3170 atque

127 3208 166 3250 eo
184 3187 287 3267 magis,
303 3190 387 3266 quod
401 3190 483 3249 nulla
497 3187 572 3247 mihi
585 3187 785 3249 ostentatione
798 3187 907 3248 videris
921 3208 986 3249 esse
1004 3209 1133 3264 usurus3
1147 3153 1175 3204 3¹

82 3311 115 3362 3⁰
129 3306 252 3348 exorsus
271 3307 304 3348 es
323 3286 404 3348 enim
420 3307 482 3347 non
499 3285 634 3364 gloriose,
651 3296 685 3345 ut
699 3296 731 3345 tu
748 3297 844 3363 putas,
860 3285 954 3362 magis
967 3306 986 3346 a
999 3285 1131 3363 veritate,

163 3449 194 3497 14
211 3434 313 3484 dicendi
330 3433 429 3484 om.M
495 3431 855 3494 rdetea...ipsiom.M
919 3448 949 3481 21
968 3448 1020 3481 non
1035 3432 1131 3490 AE17:

129 3515 178 3550 nos
194 3516 249 3549 nec.
340 3515 373 3562 23
390 3499 456 3548 alius
470 3497 585 3547 aliudM
668 3512 700 3558 25
717 3498 750 3546 ad
763 3495 946 3546 scientiamL:
969 3499 1077 3547 scientia
1088 3498 1131 3549 H:

128 3565 284 3615 inscientia
302 3565 357 3614 11¹:
386 3565 519 3614 scientiam
543 3563 600 3611 Mm
684 3565 717 3611 2⁶
740 3563 875 3624 perveniat
894 3563 978 3613 codd:
1003 3565 1133 3625 pertineat

127 3631 274 3680 Harnecker
339 3645 373 3692 30
389 3630 473 3692 magis
484 3635 513 3678 ut
524 3636 551 3678 tu
564 3636 639 3691 putas
651 3643 667 3676 a
679 3629 789 3677 veritate
798 3627 842 3678 H:
863 3629 945 3690 magis
958 3646 972 3677 a
984 3629 1092 3678 veritate
1104 3636 1134 3679 ut

128 3704 156 3744 tu
169 3696 309 3759 putasAE
