2648 4216
78 255 176 328 48212
449 255 493 314 M.
515 254 643 314 TVLLI
665 252 897 315 CICERONIS

192 444 300 502 genere
314 425 379 484 Sex.
396 421 525 496 Aelium,
542 425 585 483 Μ’
601 421 769 496 Manilium,
791 425 823 482 P.
840 420 979 483 Mucium
1000 418 1196 482 nominarem.

133 534 178 593 49
193 525 302 600 Atque,
317 532 351 582 ut
373 520 434 580 iam
455 522 496 581 ad
514 519 625 581 leviora
638 519 746 580 artium
760 518 860 580 studia
872 518 1000 592 veniam,
1016 517 1041 578 si
1055 516 1196 591 musicus,

193 618 218 678 si
241 617 459 696 grammaticus,
483 617 508 678 si
535 628 626 695 poeta
653 628 818 696 quaeratur,
847 615 961 693 possim
989 613 1123 675 similiter
1151 634 1198 675 ex-

192 716 310 794 plicare,
326 715 401 794 quid
414 735 518 776 eorum
532 714 660 793 quisque
674 716 847 792 profiteatur
860 724 890 774 et
905 732 966 790 quo
985 732 1048 773 non
1069 711 1197 789 amplius

192 812 232 872 ab
256 832 377 890 quoque
404 811 442 872 sit
469 812 692 889 postulandum.
736 809 912 887 Philosophi
939 808 1071 886 denique
1095 808 1226 885 ipsius‚5

193 908 245 987 qui
259 911 298 970 de
312 929 366 970 sua
379 909 409 968 vi
425 929 461 970 ac
480 908 625 986 sapientia
643 929 721 968 unus
742 907 845 969 omnia
865 926 961 985 paene
975 908 1137 984 profitetur,
1153 917 1198 966 est

193 1018 293 1067 tamen
308 1008 457 1084 quaedam
472 1005 641 1084 descriptio,
657 1016 690 1066 ut
704 1005 738 1078 is,
750 1005 802 1083 qui
816 1007 935 1065 studeat
949 1004 1085 1065 omnium
1099 1024 1198 1064 rerum

193 1103 359 1164 divinarum
372 1115 464 1182 atque
486 1105 684 1164 humanarum
703 1103 764 1162 vim
777 1114 914 1162 naturam
929 1121 1094 1180 causasque
1108 1121 1198 1162 nosse

193 1211 223 1260 et
237 1221 359 1261 omnem
374 1202 451 1261 bene
461 1200 581 1261 vivendi
596 1199 741 1261 rationem
756 1210 858 1260 tenere
871 1210 901 1259 et
915 1198 1062 1276 persequi,
1075 1197 1198 1259 nomine

132 1323 180 1372 213
193 1299 252 1359 hoc
265 1300 437 1376 appelletur.
472 1298 628 1360 Oratorem
639 1310 750 1372 autem,
764 1295 908 1374 quoniam
917 1297 956 1356 de
971 1316 1008 1357 eo
1017 1294 1195 1373 quaerimus,
1213 1319 1243 1354 10

193 1395 334 1472 equidem
351 1415 414 1456 non
434 1394 512 1458 facio
533 1397 664 1456 eundem
679 1414 770 1472 quem
792 1395 926 1466 Crassus,
948 1393 1001 1470 qui
1021 1392 1096 1452 mihi
1116 1391 1197 1453 visus

193 1501 238 1551 est
252 1511 374 1553 omnem
393 1492 529 1553 omnium
550 1512 647 1553 rerum
665 1503 757 1569 atque
773 1490 881 1551 artium
896 1489 1051 1550 scientiam
1066 1508 1199 1567 compre-

193 1589 325 1650 hendere
345 1610 407 1651 uno
428 1589 552 1651 oratoris
573 1589 672 1650 officio
693 1609 729 1649 ac
752 1588 874 1649 nomine
884 1610 893 1661 ;
921 1599 1012 1665 atque
1032 1607 1103 1647 eum
1123 1598 1197 1664 puto

193 1705 266 1759 esse,
292 1686 344 1764 qui
368 1697 399 1747 et
422 1687 520 1747 verbis
544 1687 584 1746 ad
607 1685 793 1746 audiendum
821 1684 960 1746 iucundis
988 1695 1018 1744 et
1042 1682 1198 1744 sententiis

192 1783 233 1842 ad
246 1783 436 1860 probandum
449 1782 685 1844 accommodatis
702 1782 746 1842 uti
760 1782 854 1860 possit
868 1781 900 1842 in
919 1781 1016 1842 causis
1030 1780 1198 1842 forensibus
1215 1806 1243 1854 15

192 1888 283 1956 atque
308 1879 537 1941 communibus:
566 1881 648 1941 hunc
670 1899 727 1957 ego
750 1881 870 1958 appello
895 1890 1043 1941 oratorem
1067 1898 1199 1956 eumque

193 1995 258 2041 esse
272 1989 424 2054 praeterea
437 1977 614 2039 instructum
628 1998 703 2038 voce
717 1989 746 2038 et
760 1977 879 2039 actione
892 1988 923 2038 et
945 1979 1046 2055 lepore
1064 1977 1198 2055 quodam

133 2075 270 2152 214V010.
314 2076 439 2137 Crassus
462 2095 533 2136 vero
555 2074 629 2135 mihi
651 2087 752 2136 noster
778 2075 858 2136 visus
886 2087 932 2136 est
959 2073 1082 2136 oratoris
1109 2075 1200 2134 facul-

194 2183 286 2232 tatem
320 2192 382 2233 non
417 2173 495 2235 illius
528 2173 598 2234 artis
626 2173 768 2247 terminis,
797 2176 852 2235 sed
880 2172 980 2251 ingeni
1008 2172 1054 2233 sui
1088 2172 1199 2232 finibus

193 2267 346 2330 immensis
360 2290 457 2348 paene
476 2270 643 2332 describere
653 2292 662 2346 ;
686 2291 756 2332 nam
778 2282 808 2332 et
828 2271 982 2332 civitatum
1002 2273 1198 2348 regendarum
1214 2299 1245 2334 ro

194 2367 303 2428 oratori
316 2369 517 2445 gubernacula
531 2369 678 2430 sententia
696 2389 751 2430 sua
769 2369 899 2443 tradidit,
914 2369 945 2430 in
968 2389 1030 2448 quo
1051 2389 1105 2447 per
1125 2367 1198 2429 mihi

195 2464 302 2526 mirum
330 2466 427 2527 visum
455 2478 509 2542 est,
533 2469 684 2541 Scaevola,
713 2479 744 2528 te
771 2469 830 2529 hoc
858 2467 900 2528 illi
928 2469 1103 2540 concedere,
1129 2487 1198 2528 cum

194 2563 366 2642 saepissime
380 2564 435 2626 tibi
449 2577 569 2627 senatus
584 2565 711 2628 breviter
726 2565 922 2645 impoliteque
936 2565 1049 2627 dicenti
1063 2563 1199 2625 maximis

194 2661 232 2722 sit
247 2664 285 2723 de
299 2663 388 2723 rebus
408 2664 562 2725 adsensus.
606 2667 650 2725 M.
666 2684 737 2725 vero
759 2667 896 2738 Scaurus,
914 2684 1006 2742 quem
1028 2683 1090 2724 non
1110 2663 1199 2739 longe

194 2759 253 2819 ruri
266 2762 349 2837 apud
367 2780 400 2821 se
422 2781 488 2822 esse
506 2762 606 2836 audio,
622 2761 666 2822 vir
686 2764 834 2839 regendae
854 2761 897 2823 rei
915 2761 1054 2840 publicae
1067 2759 1199 2821 scientis·
1213 2785 1243 2835 ²5

194 2857 295 2931 simus,
312 2857 336 2918 si
355 2857 482 2919 audierit
502 2861 581 2919 hanc
599 2860 806 2921 auctoritatem
824 2859 974 2938 gravitatis
989 2870 1018 2920 et
1032 2857 1138 2920 consili
1152 2858 1198 2917 sui

194 2955 337 3016 vindicari
358 2976 377 3016 a
401 2967 439 3030 te,
463 2958 579 3030 Crasse,
605 2959 688 3035 quod
712 2978 779 3019 eam
804 2957 928 3019 oratoris
955 2955 1106 3036 propriam
1133 2974 1199 3015 esse

195 3052 285 3126 dicas,
301 3053 369 3126 iam,
385 3055 484 3128 credo,
500 3056 560 3115 huc
574 3055 673 3116 veniat
695 3066 725 3116 et
743 3057 822 3117 hanc
840 3054 1052 3133 loquacitatem
1066 3064 1198 3114 nostram

194 3150 277 3209 vultu
299 3148 365 3227 ipso
389 3162 572 3229 aspectuque
596 3163 780 3227 conterreat;
810 3152 862 3230 qui
884 3171 1067 3230 quamquam
1095 3161 1140 3211 est
1167 3151 1199 3209 in

194 3245 325 3308 dicendo
353 3247 477 3310 minime
504 3253 751 3324 contemnendus,
780 3251 939 3328 prudentia
970 3263 1072 3312 tamen
1099 3270 1197 3311 rerum
1214 3269 1245 3319 30

133 3368 180 3419 215
196 3364 369 3421 magnarum
391 3346 484 3424 magis
505 3367 597 3425 quam
618 3347 740 3409 dicendi
758 3359 821 3408 arte
841 3347 951 3409 nititur.
995 3350 1104 3424 Neque
1117 3366 1197 3421 vero,

195 3441 219 3502 si
240 3442 307 3520 quis
327 3454 487 3522 utrumque
508 3455 615 3523 potest,
630 3455 682 3506 aut
705 3444 755 3505 ille
777 3445 883 3507 consili
904 3444 1018 3524 publici
1038 3456 1143 3506 auctor
1162 3465 1199 3506 ac

194 3552 313 3601 senator
335 3542 434 3602 bonus
458 3542 588 3603 obeam
610 3542 706 3621 ipsam
728 3562 850 3603 causam
873 3554 972 3604 orator
996 3554 1041 3604 est
1067 3554 1120 3604 aut
1148 3542 1199 3604 hic

194 3637 321 3700 disertus
334 3650 425 3718 atque
438 3641 592 3718 eloquens,
608 3639 632 3700 si
646 3651 692 3701 est
705 3639 786 3701 idem
801 3641 832 3702 in
849 3640 1058 3719 procuratione
1071 3639 1198 3702 civitatis
