2648 4216
96 280 140 347 7⁵
154 289 202 345 ³⁰5³
493 265 548 324 M(
560 263 689 322 TVLLI
711 261 945 324 CICERONIS

213 442 425 509 versanturque
444 429 475 490 in
496 429 628 490 hostium
638 456 639 459 ¹
650 427 753 489 castris
766 448 802 489 ac
817 448 871 488 sua
884 426 1032 506 praesidia
1052 425 1223 503 dimittunt,

213 528 442 590 mediocriterne
462 527 560 589 causis
580 537 701 601 nocent,
716 545 786 587 curn
807 537 859 585 aut
879 523 1115 585 adversariorum
1136 525 1222 586 adiu-

213 637 316 686 menta
329 627 508 687 confirmant
521 636 573 686 aut
586 645 631 700 ea,
643 644 721 703 quae
732 642 836 684 sanare
850 633 1014 700 nequeunt,
1029 624 1222 684 exulcerant?

151 744 200 796 304
214 723 307 799 Quid,
335 743 406 784 cum
436 741 641 800 personarum,
668 740 743 799 quas
770 720 947 793 defendunt,
976 719 1124 780 rationem
1156 739 1221 780 non

213 821 334 894 habent,
358 820 391 895 si,
413 830 577 898 quaesunt
595 818 627 879 in
648 818 691 880 eis
713 817 871 892 invidiosa,
895 836 958 877 non
983 816 1120 895 mitigant
1141 828 1248 888 exte-5

214 919 345 991 nuando,
371 917 426 977 sed
455 916 607 976 laudando
636 927 667 976 et
694 917 848 976 efferendo
874 913 1066 974 invidiosiora
1095 913 1221 990 faciunt,

214 1025 360 1091 quantum
381 1024 427 1074 est
449 1013 480 1073 in
504 1032 542 1074 eo
564 1013 688 1073 tandem
712 1011 806 1073 mali?
861 1011 953 1088 Quid,
978 1011 1003 1071 si
1027 1011 1058 1070 in
1080 1010 1221 1072 homines

214 1131 298 1172 caros
335 1111 546 1188 iudicibusque
584 1110 732 1171 iucundos
772 1109 837 1171 sine
878 1111 939 1169 ulla
979 1107 1221 1187 praemunitione

214 1207 356 1269 orationis
375 1208 511 1270 acerbius
532 1219 563 1270 et
583 1207 828 1269 contumeliosius
855 1206 1006 1281 invehare,
1027 1225 1129 1266 nonne
1150 1225 1169 1266 a
1190 1216 1221 1267 te

153 1324 200 1376 305
214 1303 328 1366 iudices
348 1305 524 1366 abalienes?
578 1305 672 1381 Quid,
699 1305 733 1380 si,
763 1325 840 1383 quae
861 1304 932 1364 vitia
952 1315 1004 1365 aut
1024 1302 1220 1366 incommoda
1236 1325 1267 1361 ιο

214 1401 329 1462 suntin
345 1402 447 1480 aliquo
465 1401 565 1463 iudice
584 1421 646 1462 uno
661 1413 714 1462 aut
730 1401 873 1481 pluribus,
892 1421 929 1462 ea
947 1413 981 1462 tu
998 1401 1030 1460 in
1044 1399 1219 1461 adversariis

213 1500 422 1576 exprobrando
436 1519 499 1561 non
512 1500 666 1578 intellegas
681 1510 711 1560 te
724 1498 756 1561 in
770 1498 884 1560 iudices
904 1497 1016 1574 invehi,
1031 1496 1221 1559 mediocrene

213 1608 371 1674 peccatum
388 1600 456 1658 est?
496 1596 591 1673 Quid,
604 1596 638 1671 si,
654 1616 724 1657 curn
738 1615 793 1674 pro
806 1598 900 1657 altero
920 1595 1012 1669 dicas,
1030 1594 1113 1655 litem
1135 1605 1218 1654 tuam

213 1694 304 1755 facias
314 1706 366 1755 aut
376 1697 474 1755 laesus
487 1696 608 1755 efferare
622 1693 786 1767 iracundia,
794 1713 916 1754 causam
930 1692 1090 1770 relinquas,
1104 1691 1219 1752 nihilne

213 1795 357 1858 noceas?
390 1793 427 1851 ln
441 1812 503 1870 quo
521 1811 586 1870 ego,
602 1811 664 1851 non
683 1811 746 1870 quo
766 1790 894 1851 libenter
912 1791 991 1862 male
1011 1788 1140 1862 audiam,
1163 1789 1219 1849 sed
1234 1810 1264 1860 15

213 1888 284 1966 quia
294 1908 416 1949 causam
426 1908 489 1948 non
503 1888 630 1949 libenter
643 1887 788 1966 relinquo,
804 1887 931 1948 nimium
945 1886 1061 1964 patiens
1075 1898 1106 1948 et
1119 1888 1219 1946 lentus

210 1985 385 2059 existimor;
414 1996 455 2059 ut,
480 2005 551 2046 curn
576 1997 606 2046 te
626 1985 736 2063 ipsum,
760 1985 881 2063 Sulpici,
908 1985 1113 2062 obiurgabam,
1135 1984 1220 2062 quod

215 2082 443 2143 ministratorem
457 2094 581 2160 peteres,
594 2103 657 2143 non
670 2083 871 2144 adversarium
883 2105 891 2157 ;
913 2103 950 2143 ex
964 2102 1025 2160 quo
1039 2080 1130 2142 etiam
1144 2081 1220 2142 illud

214 2182 371 2257 adsequor,
394 2191 435 2256 ut,
458 2179 571 2258 siquis
592 2179 666 2241 mihi
687 2180 873 2254 maledicat,
897 2183 1035 2259 petulans
1056 2190 1109 2239 aut
1129 2181 1220 2257 plane

153 2285 202 2349 30⁶
215 2276 337 2337 insanus
356 2297 421 2338 esse
439 2277 582 2339 videatur.
627 2280 664 2338 In
683 2278 754 2357 ipsis
773 2289 875 2338 autem
895 2276 1077 2356 argumentis
1099 2276 1124 2336 si
1145 2275 1219 2354 quid
1235 2299 1268 2335 πο

214 2373 350 2452 posueris
369 2386 421 2435 aut
440 2386 542 2454 aperte
563 2378 671 2436 falsum
689 2386 741 2436 aut
761 2374 800 2450 ei,
814 2375 898 2452 quod
918 2373 1027 2435 dixeris
1049 2373 1220 2435 dicturusve

215 2470 265 2546 sis,
280 2471 459 2532 contrarium
473 2484 525 2533 aut
538 2493 647 2551 genere
666 2472 732 2551 ipso
753 2484 901 2533 remotum
915 2472 954 2532 ab
969 2492 1026 2532 usu
1040 2469 1220 2531 iudiciorum

212 2589 251 2630 ac
270 2570 345 2644 loro,
358 2569 473 2631 nihilne
492 2572 624 2630 noceas?
666 2569 749 2646 Quid
770 2571 889 2629 multa?
930 2568 1039 2630 Omnis
1060 2587 1131 2628 cura
1152 2586 1222 2627 mea

215 2668 291 2727 solet
302 2666 333 2727 in
347 2669 407 2728 hoc
417 2667 525 2728 versari
539 2667 797 2745 semper-dicam
811 2665 892 2726 enirn
907 2663 1092 2744 saepius-si
1106 2663 1219 2742 possim

258 2960 367 3036 Itaque
381 2978 463 3019 nunc
476 2958 547 3018 illuc
561 2959 661 3033 redeo,
677 2958 793 3032 Catule,
809 2956 841 3017 in
854 2976 917 3034 quo
930 2967 963 3016 tu
978 2975 1028 3015 me
1046 2956 1137 3034 paulo
1150 2964 1222 3015 ante

154 3030 204 3082 ³⁰⁷
217 3056 372 3130 laudabas,
385 3058 426 3116 ad
439 3056 576 3118 ordinem
590 3054 890 3132 conlocationemque
904 3073 1002 3115 rerum
1016 3073 1053 3114 ac
1066 3055 1202 3114 locorum
1213 3073 1222 3127 ;

217 3153 303 3216 cuius
317 3154 392 3215 ratio
405 3166 451 3216 est
465 3157 594 3234 duplex3
613 3157 714 3228 altera,
725 3173 816 3231 quam
827 3154 922 3214 adfert
933 3163 1039 3212 natura
1052 3170 1219 3226 causarum,

216 3253 316 3325 altera,
346 3271 425 3328 quae
451 3261 602 3312 oratorum
630 3249 742 3311 iudicio
769 3260 800 3311 et
823 3248 983 3328 prudentia
1010 3259 1219 3326 eomparatur:
1234 3273 1265 3326 30

218 3368 288 3426 nam
310 3359 343 3408 ut
364 3348 477 3426 aliquid
498 3360 568 3409 ante
589 3367 651 3408 rem
669 3346 815 3420 dicamus,
829 3346 940 3408 deinde
961 3357 994 3406 ut
1015 3365 1078 3406 rem
1092 3365 1221 3423 expona-

251 3505 284 3554 M
293 3504 411 3554 :AEH
505 3513 643 3556 aautom.
657 3505 689 3553 M
755 3520 785 3555 ro
801 3502 943 3554 alienesH
1009 3519 1039 3553 12
1056 3467 1221 3552 mediocrene

218 3572 316 3634 Kayser
402 3570 714 3636 13siLvulg.reiM
795 3568 1042 3633 rquthautL
1142 3583 1222 3634 agac

218 3636 475 3688 ...multa'omM
549 3635 809 3701 a4saepiusom.?{
895 3633 1177 3699 ⁸assinuulg.:siM
