<?xml version="1.0" encoding="UTF-8"?>
<!DOCTYPE html PUBLIC "-//W3C//DTD XHTML 1.0 Transitional//EN"
    "http://www.w3.org/TR/xhtml1/DTD/xhtml1-transitional.dtd">
<html xmlns="http://www.w3.org/1999/xhtml" xml:lang="en" lang="en">
 <head>
  <title>
</title>
<meta http-equiv="Content-Type" content="text/html;charset=utf-8" />
  <meta name='ocr-system' content='tesseract 3.04.00' />
  <meta name='ocr-capabilities' content='ocr_page ocr_carea ocr_par ocr_line ocrx_word'/>
</head>
<body>
  <div class='ocr_page' id='page_1' title='image "./mtvlliciceronis01wilkgoog/mtvlliciceronis01wilkgoog_0109.png"; bbox 0 0 2648 4216; ppageno 0'>
   <div class='ocr_carea' id='block_1_1' title="bbox 89 243 921 326">
    <p class='ocr_par' dir='ltr' id='par_1_1' title="bbox 89 243 921 326">
     <span class='ocr_line' id='line_1_1' title="bbox 89 243 921 326; baseline 0.002 -24"><span class='ocrx_word' id='word_1_1' title='bbox 89 256 176 326; x_wconf 72' lang='lat'><strong>2²⁹⁴</strong></span> <span class='ocrx_word' id='word_1_2' title='bbox 469 246 518 305; x_wconf 83' lang='lat' dir='ltr'><strong>M..</strong></span> <span class='ocrx_word' id='word_1_3' title='bbox 535 246 665 307; x_wconf 74' lang='lat' dir='ltr'><strong>svam</strong></span> <span class='ocrx_word' id='word_1_4' title='bbox 687 243 921 306; x_wconf 79' lang='lat' dir='ltr'><strong>elcaxorus</strong></span> 
     </span>
    </p>
   </div>
   <div class='ocr_carea' id='block_1_2' title="bbox 137 409 1245 3607">
    <p class='ocr_par' dir='ltr' id='par_1_2' title="bbox 137 409 1245 3607">
     <span class='ocr_line' id='line_1_2' title="bbox 190 409 1200 492; baseline -0.004 -19"><span class='ocrx_word' id='word_1_5' title='bbox 190 412 486 492; x_wconf 85' lang='lat' dir='ltr'><strong>principesexierunt</strong></span> <span class='ocrx_word' id='word_1_6' title='bbox 495 433 504 489; x_wconf 88' lang='lat'>;</span> <span class='ocrx_word' id='word_1_7' title='bbox 533 415 588 475; x_wconf 91' lang='lat' dir='ltr'><strong>sed</strong></span> <span class='ocrx_word' id='word_1_8' title='bbox 602 412 707 475; x_wconf 86' lang='lat' dir='ltr'><strong>eorum</strong></span> <span class='ocrx_word' id='word_1_9' title='bbox 724 411 833 492; x_wconf 90' lang='lat' dir='ltr'><strong>partim</strong></span> <span class='ocrx_word' id='word_1_10' title='bbox 854 411 887 473; x_wconf 93' lang='lat' dir='ltr'><strong>in</strong></span> <span class='ocrx_word' id='word_1_11' title='bbox 906 410 1027 491; x_wconf 89' lang='lat' dir='ltr'><strong>pompa,</strong></span> <span class='ocrx_word' id='word_1_12' title='bbox 1043 409 1200 490; x_wconf 80' lang='lat' dir='ltr'><strong>partimin</strong></span> 
     </span>
     <span class='ocr_line' id='line_1_3' title="bbox 137 505 1196 588; baseline -0.004 -18"><span class='ocrx_word' id='word_1_13' title='bbox 137 520 177 579; x_wconf 75' lang='lat'><strong>23</strong></span> <span class='ocrx_word' id='word_1_14' title='bbox 190 509 254 571; x_wconf 91' lang='lat' dir='ltr'><strong>acie</strong></span> <span class='ocrx_word' id='word_1_15' title='bbox 278 510 416 573; x_wconf 89' lang='lat' dir='ltr'>inlustres</span> <span class='ocrx_word' id='word_1_16' title='bbox 441 531 506 572; x_wconf 87' lang='lat' dir='ltr'><strong>esse</strong></span> <span class='ocrx_word' id='word_1_17' title='bbox 530 513 696 574; x_wconf 84' lang='lat' dir='ltr'><strong>voluerunt</strong></span> <span class='ocrx_word' id='word_1_18' title='bbox 740 513 841 588; x_wconf 89' lang='lat' dir='ltr'>Atque</span> <span class='ocrx_word' id='word_1_19' title='bbox 855 521 895 572; x_wconf 94' lang='lat' dir='ltr'><strong>et</strong></span> <span class='ocrx_word' id='word_1_20' title='bbox 918 509 969 582; x_wconf 89' lang='lat' dir='ltr'><strong>illi,</strong></span> <span class='ocrx_word' id='word_1_21' title='bbox 994 505 1196 585; x_wconf 88' lang='lat' dir='ltr'><strong>Theopompi,</strong></span> 
     </span>
     <span class='ocr_line' id='line_1_4' title="bbox 192 605 1198 685; baseline -0.002 -20"><span class='ocrx_word' id='word_1_22' title='bbox 192 605 313 684; x_wconf 88' lang='lat' dir='ltr'>Ephori,</span> <span class='ocrx_word' id='word_1_23' title='bbox 336 606 460 680; x_wconf 76' lang='lat' dir='ltr'><strong>Philisti,</strong></span> <span class='ocrx_word' id='word_1_24' title='bbox 484 609 653 668; x_wconf 84' lang='lat' dir='ltr'>Naucratae</span> <span class='ocrx_word' id='word_1_25' title='bbox 671 606 821 685; x_wconf 91' lang='lat' dir='ltr'><strong>multique</strong></span> <span class='ocrx_word' id='word_1_26' title='bbox 842 606 892 667; x_wconf 90' lang='lat' dir='ltr'><strong>alii</strong></span> <span class='ocrx_word' id='word_1_27' title='bbox 913 605 1027 667; x_wconf 88' lang='lat' dir='ltr'><strong>naturis</strong></span> <span class='ocrx_word' id='word_1_28' title='bbox 1045 605 1198 677; x_wconf 81' lang='lat' dir='ltr'><strong>differunt,</strong></span> 
     </span>
     <span class='ocr_line' id='line_1_5' title="bbox 190 699 1198 778; baseline -0.005 -13"><span class='ocrx_word' id='word_1_29' title='bbox 190 704 344 766; x_wconf 84' lang='lat' dir='ltr'><strong>voluntate</strong></span> <span class='ocrx_word' id='word_1_30' title='bbox 370 716 471 765; x_wconf 89' lang='lat' dir='ltr'><strong>autem</strong></span> <span class='ocrx_word' id='word_1_31' title='bbox 500 702 612 764; x_wconf 87' lang='lat' dir='ltr'><strong>similes</strong></span> <span class='ocrx_word' id='word_1_32' title='bbox 636 715 706 764; x_wconf 92' lang='lat' dir='ltr'><strong>sunt</strong></span> <span class='ocrx_word' id='word_1_33' title='bbox 730 714 761 764; x_wconf 92' lang='lat' dir='ltr'><strong>et</strong></span> <span class='ocrx_word' id='word_1_34' title='bbox 788 703 866 764; x_wconf 92' lang='lat' dir='ltr'><strong>inter</strong></span> <span class='ocrx_word' id='word_1_35' title='bbox 893 723 959 765; x_wconf 91' lang='lat' dir='ltr'><strong>sese</strong></span> <span class='ocrx_word' id='word_1_36' title='bbox 987 714 1018 763; x_wconf 91' lang='lat' dir='ltr'><strong>et</strong></span> <span class='ocrx_word' id='word_1_37' title='bbox 1044 699 1177 778; x_wconf 85' lang='lat' dir='ltr'><strong>magistri</strong></span> <span class='ocrx_word' id='word_1_38' title='bbox 1189 722 1198 774; x_wconf 90' lang='lat'>;</span> 
     </span>
     <span class='ocr_line' id='line_1_6' title="bbox 191 799 1226 877; baseline -0.002 -17"><span class='ocrx_word' id='word_1_39' title='bbox 191 809 221 860; x_wconf 90' lang='lat' dir='ltr'><strong>et</strong></span> <span class='ocrx_word' id='word_1_40' title='bbox 248 799 290 873; x_wconf 91' lang='lat' dir='ltr'><strong>hi,</strong></span> <span class='ocrx_word' id='word_1_41' title='bbox 317 799 369 877; x_wconf 94' lang='lat' dir='ltr'><strong>qui</strong></span> <span class='ocrx_word' id='word_1_42' title='bbox 397 820 429 861; x_wconf 92' lang='lat' dir='ltr'><strong>se</strong></span> <span class='ocrx_word' id='word_1_43' title='bbox 460 801 500 860; x_wconf 90' lang='lat' dir='ltr'><strong>ad</strong></span> <span class='ocrx_word' id='word_1_44' title='bbox 529 820 634 861; x_wconf 84' lang='lat' dir='ltr'><strong>causas</strong></span> <span class='ocrx_word' id='word_1_45' title='bbox 656 802 865 872; x_wconf 86' lang='lat' dir='ltr'><strong>contulerunt,</strong></span> <span class='ocrx_word' id='word_1_46' title='bbox 899 811 933 860; x_wconf 93' lang='lat' dir='ltr'><strong>ut</strong></span> <span class='ocrx_word' id='word_1_47' title='bbox 963 799 1226 869; x_wconf 88' lang='lat' dir='ltr'><strong>Demosthenes,5</strong></span> 
     </span>
     <span class='ocr_line' id='line_1_7' title="bbox 192 894 1198 974; baseline -0.003 -17"><span class='ocrx_word' id='word_1_48' title='bbox 192 894 369 974; x_wconf 86' lang='lat' dir='ltr'><strong>Hyperides,</strong></span> <span class='ocrx_word' id='word_1_49' title='bbox 396 899 557 974; x_wconf 86' lang='lat' dir='ltr'><strong>Lycurgus,</strong></span> <span class='ocrx_word' id='word_1_50' title='bbox 582 897 757 969; x_wconf 89' lang='lat' dir='ltr'><strong>Aeschines,</strong></span> <span class='ocrx_word' id='word_1_51' title='bbox 783 896 954 958; x_wconf 89' lang='lat' dir='ltr'><strong>Dinarchus</strong></span> <span class='ocrx_word' id='word_1_52' title='bbox 981 896 1092 974; x_wconf 91' lang='lat' dir='ltr'><strong>aliique</strong></span> <span class='ocrx_word' id='word_1_53' title='bbox 1116 914 1198 956; x_wconf 91' lang='lat' dir='ltr'><strong>com·</strong></span> 
     </span>
     <span class='ocr_line' id='line_1_8' title="bbox 190 991 1198 1072; baseline -0.002 -20"><span class='ocrx_word' id='word_1_54' title='bbox 190 995 297 1072; x_wconf 92' lang='lat' dir='ltr'><strong>plures,</strong></span> <span class='ocrx_word' id='word_1_55' title='bbox 314 993 369 1054; x_wconf 91' lang='lat' dir='ltr'><strong>etsi</strong></span> <span class='ocrx_word' id='word_1_56' title='bbox 383 993 460 1055; x_wconf 90' lang='lat' dir='ltr'><strong>inter</strong></span> <span class='ocrx_word' id='word_1_57' title='bbox 473 1014 505 1055; x_wconf 92' lang='lat' dir='ltr'><strong>se</strong></span> <span class='ocrx_word' id='word_1_58' title='bbox 519 1014 605 1072; x_wconf 89' lang='lat' dir='ltr'><strong>pares</strong></span> <span class='ocrx_word' id='word_1_59' title='bbox 619 1015 682 1055; x_wconf 92' lang='lat' dir='ltr'><strong>non</strong></span> <span class='ocrx_word' id='word_1_60' title='bbox 701 996 828 1066; x_wconf 85' lang='lat' dir='ltr'><strong>fuerunt,</strong></span> <span class='ocrx_word' id='word_1_61' title='bbox 845 1004 947 1054; x_wconf 88' lang='lat' dir='ltr'><strong>tamen</strong></span> <span class='ocrx_word' id='word_1_62' title='bbox 961 1013 1067 1055; x_wconf 88' lang='lat' dir='ltr'><strong>omnes</strong></span> <span class='ocrx_word' id='word_1_63' title='bbox 1081 1003 1152 1052; x_wconf 94' lang='lat' dir='ltr'><strong>sunt</strong></span> <span class='ocrx_word' id='word_1_64' title='bbox 1165 991 1198 1050; x_wconf 91' lang='lat' dir='ltr'><strong>in</strong></span> 
     </span>
     <span class='ocr_line' id='line_1_9' title="bbox 191 1087 1197 1169; baseline -0.004 -17"><span class='ocrx_word' id='word_1_65' title='bbox 191 1092 300 1152; x_wconf 90' lang='lat' dir='ltr'><strong>eodem</strong></span> <span class='ocrx_word' id='word_1_66' title='bbox 314 1089 445 1151; x_wconf 90' lang='lat' dir='ltr'><strong>veritatis</strong></span> <span class='ocrx_word' id='word_1_67' title='bbox 461 1090 625 1153; x_wconf 87' lang='lat' dir='ltr'><strong>imitandae</strong></span> <span class='ocrx_word' id='word_1_68' title='bbox 638 1111 748 1169; x_wconf 85' lang='lat' dir='ltr'><strong>genere</strong></span> <span class='ocrx_word' id='word_1_69' title='bbox 762 1091 877 1164; x_wconf 89' lang='lat' dir='ltr'><strong>versati,</strong></span> <span class='ocrx_word' id='word_1_70' title='bbox 894 1111 1023 1169; x_wconf 91' lang='lat' dir='ltr'><strong>quorum</strong></span> <span class='ocrx_word' id='word_1_71' title='bbox 1038 1087 1197 1169; x_wconf 91' lang='lat' dir='ltr'><strong>quamdiu</strong></span> 
     </span>
     <span class='ocr_line' id='line_1_10' title="bbox 191 1186 1197 1266; baseline -0.001 -19"><span class='ocrx_word' id='word_1_72' title='bbox 191 1186 301 1248; x_wconf 89' lang='lat' dir='ltr'><strong>mansit</strong></span> <span class='ocrx_word' id='word_1_73' title='bbox 322 1187 456 1260; x_wconf 91' lang='lat' dir='ltr'><strong>imitatio,</strong></span> <span class='ocrx_word' id='word_1_74' title='bbox 480 1187 618 1249; x_wconf 90' lang='lat' dir='ltr'><strong>tamdiu</strong></span> <span class='ocrx_word' id='word_1_75' title='bbox 640 1208 735 1266; x_wconf 85' lang='lat' dir='ltr'><strong>genus</strong></span> <span class='ocrx_word' id='word_1_76' title='bbox 759 1187 834 1249; x_wconf 91' lang='lat' dir='ltr'><strong>illud</strong></span> <span class='ocrx_word' id='word_1_77' title='bbox 858 1187 981 1249; x_wconf 92' lang='lat' dir='ltr'><strong>dicendi</strong></span> <span class='ocrx_word' id='word_1_78' title='bbox 1002 1187 1197 1265; x_wconf 90' lang='lat' dir='ltr'><strong>studiumque</strong></span> 
     </span>
     <span class='ocr_line' id='line_1_11' title="bbox 145 1283 1245 1363; baseline -0.004 -19"><span class='ocrx_word' id='word_1_79' title='bbox 145 1308 177 1359; x_wconf 85' lang='lat'><strong>95</strong></span> <span class='ocrx_word' id='word_1_80' title='bbox 191 1284 263 1344; x_wconf 90' lang='lat' dir='ltr'><strong>vixit</strong></span> <span class='ocrx_word' id='word_1_81' title='bbox 267 1306 276 1359; x_wconf 90' lang='lat'>;</span> <span class='ocrx_word' id='word_1_82' title='bbox 295 1295 502 1363; x_wconf 89' lang='lat' dir='ltr'><strong>posteaquam</strong></span> <span class='ocrx_word' id='word_1_83' title='bbox 514 1284 666 1347; x_wconf 88' lang='lat' dir='ltr'><strong>exstinctis</strong></span> <span class='ocrx_word' id='word_1_84' title='bbox 680 1284 728 1345; x_wconf 94' lang='lat' dir='ltr'><strong>his</strong></span> <span class='ocrx_word' id='word_1_85' title='bbox 742 1283 841 1346; x_wconf 91' lang='lat' dir='ltr'><strong>omnis</strong></span> <span class='ocrx_word' id='word_1_86' title='bbox 855 1305 960 1346; x_wconf 91' lang='lat' dir='ltr'><strong>eorum</strong></span> <span class='ocrx_word' id='word_1_87' title='bbox 974 1284 1120 1346; x_wconf 90' lang='lat' dir='ltr'><strong>memoria</strong></span> <span class='ocrx_word' id='word_1_88' title='bbox 1133 1304 1198 1344; x_wconf 89' lang='lat' dir='ltr'><strong>sen·</strong></span> <span class='ocrx_word' id='word_1_89' title='bbox 1214 1304 1245 1340; x_wconf 83' lang='lat' dir='ltr'><strong>ro</strong></span> 
     </span>
     <span class='ocr_line' id='line_1_12' title="bbox 192 1379 1198 1460; baseline -0.001 -18"><span class='ocrx_word' id='word_1_90' title='bbox 192 1381 248 1442; x_wconf 92' lang='lat' dir='ltr'><strong>sim</strong></span> <span class='ocrx_word' id='word_1_91' title='bbox 263 1382 421 1443; x_wconf 89' lang='lat' dir='ltr'><strong>obscurata</strong></span> <span class='ocrx_word' id='word_1_92' title='bbox 434 1393 480 1442; x_wconf 89' lang='lat' dir='ltr'><strong>est</strong></span> <span class='ocrx_word' id='word_1_93' title='bbox 494 1393 524 1443; x_wconf 92' lang='lat' dir='ltr'><strong>et</strong></span> <span class='ocrx_word' id='word_1_94' title='bbox 538 1381 667 1454; x_wconf 91' lang='lat' dir='ltr'><strong>evanuit,</strong></span> <span class='ocrx_word' id='word_1_95' title='bbox 682 1381 741 1442; x_wconf 90' lang='lat' dir='ltr'><strong>alia</strong></span> <span class='ocrx_word' id='word_1_96' title='bbox 759 1383 909 1460; x_wconf 85' lang='lat' dir='ltr'><strong>quaedam</strong></span> <span class='ocrx_word' id='word_1_97' title='bbox 923 1381 1046 1444; x_wconf 91' lang='lat' dir='ltr'><strong>dicendi</strong></span> <span class='ocrx_word' id='word_1_98' title='bbox 1060 1379 1198 1441; x_wconf 90' lang='lat' dir='ltr'><strong>molliora</strong></span> 
     </span>
     <span class='ocr_line' id='line_1_13' title="bbox 190 1477 1197 1557; baseline -0.001 -19"><span class='ocrx_word' id='word_1_99' title='bbox 190 1499 226 1539; x_wconf 92' lang='lat' dir='ltr'><strong>ac</strong></span> <span class='ocrx_word' id='word_1_100' title='bbox 247 1477 423 1540; x_wconf 89' lang='lat' dir='ltr'><strong>remissiora·</strong></span> <span class='ocrx_word' id='word_1_101' title='bbox 434 1499 543 1557; x_wconf 87' lang='lat' dir='ltr'><strong>genera</strong></span> <span class='ocrx_word' id='word_1_102' title='bbox 561 1478 725 1557; x_wconf 86' lang='lat' dir='ltr'><strong>viguerunt.</strong></span> <span class='ocrx_word' id='word_1_103' title='bbox 770 1480 848 1541; x_wconf 92' lang='lat' dir='ltr'><strong>Inde</strong></span> <span class='ocrx_word' id='word_1_104' title='bbox 869 1481 1083 1550; x_wconf 83' lang='lat' dir='ltr'><strong>Demochares,</strong></span> <span class='ocrx_word' id='word_1_105' title='bbox 1106 1498 1197 1556; x_wconf 92' lang='lat' dir='ltr'><strong>quem</strong></span> 
     </span>
     <span class='ocr_line' id='line_1_14' title="bbox 190 1574 1199 1650; baseline -0.001 -14"><span class='ocrx_word' id='word_1_106' title='bbox 190 1574 275 1636; x_wconf 88' lang='lat' dir='ltr'><strong>aiunt</strong></span> <span class='ocrx_word' id='word_1_107' title='bbox 288 1575 396 1637; x_wconf 90' lang='lat' dir='ltr'><strong>sororis</strong></span> <span class='ocrx_word' id='word_1_108' title='bbox 414 1576 509 1637; x_wconf 91' lang='lat' dir='ltr'><strong>filium</strong></span> <span class='ocrx_word' id='word_1_109' title='bbox 526 1575 617 1638; x_wconf 88' lang='lat' dir='ltr'><strong>fuisse</strong></span> <span class='ocrx_word' id='word_1_110' title='bbox 638 1575 839 1637; x_wconf 91' lang='lat' dir='ltr'><strong>Demostheni</strong></span> <span class='ocrx_word' id='word_1_111' title='bbox 848 1598 857 1650; x_wconf 92' lang='lat'>;</span> <span class='ocrx_word' id='word_1_112' title='bbox 891 1587 956 1636; x_wconf 91' lang='lat' dir='ltr'><strong>tum</strong></span> <span class='ocrx_word' id='word_1_113' title='bbox 972 1576 1133 1636; x_wconf 84' lang='lat' dir='ltr'><strong>Phalereus</strong></span> <span class='ocrx_word' id='word_1_114' title='bbox 1148 1574 1199 1635; x_wconf 89' lang='lat' dir='ltr'><strong>ille</strong></span> 
     </span>
     <span class='ocr_line' id='line_1_15' title="bbox 192 1670 1196 1750; baseline -0.003 -17"><span class='ocrx_word' id='word_1_115' title='bbox 192 1673 363 1735; x_wconf 91' lang='lat' dir='ltr'><strong>Demetrius</strong></span> <span class='ocrx_word' id='word_1_116' title='bbox 378 1731 379 1734; x_wconf 74' lang='grc'>,</span> <span class='ocrx_word' id='word_1_117' title='bbox 392 1673 530 1735; x_wconf 88' lang='lat' dir='ltr'><strong>omnium</strong></span> <span class='ocrx_word' id='word_1_118' title='bbox 561 1672 686 1734; x_wconf 91' lang='lat' dir='ltr'><strong>istorum</strong></span> <span class='ocrx_word' id='word_1_119' title='bbox 718 1693 786 1734; x_wconf 89' lang='lat' dir='ltr'><strong>mea</strong></span> <span class='ocrx_word' id='word_1_120' title='bbox 817 1671 966 1734; x_wconf 90' lang='lat' dir='ltr'><strong>sententia</strong></span> <span class='ocrx_word' id='word_1_121' title='bbox 992 1670 1196 1750; x_wconf 90' lang='lat' dir='ltr'><strong>politissimus,</strong></span> 
     </span>
     <span class='ocr_line' id='line_1_16' title="bbox 190 1769 1242 1850; baseline -0.004 -18"><span class='ocrx_word' id='word_1_122' title='bbox 190 1770 301 1850; x_wconf 89' lang='lat' dir='ltr'><strong>aliique</strong></span> <span class='ocrx_word' id='word_1_123' title='bbox 314 1773 423 1832; x_wconf 91' lang='lat' dir='ltr'><strong>horum</strong></span> <span class='ocrx_word' id='word_1_124' title='bbox 442 1770 554 1832; x_wconf 89' lang='lat' dir='ltr'><strong>similes</strong></span> <span class='ocrx_word' id='word_1_125' title='bbox 574 1770 756 1832; x_wconf 90' lang='lat' dir='ltr'><strong>exstiterunt.</strong></span> <span class='ocrx_word' id='word_1_126' title='bbox 801 1771 889 1847; x_wconf 90' lang='lat' dir='ltr'><strong>Quae</strong></span> <span class='ocrx_word' id='word_1_127' title='bbox 906 1769 932 1830; x_wconf 93' lang='lat' dir='ltr'><strong>si</strong></span> <span class='ocrx_word' id='word_1_128' title='bbox 950 1771 1086 1830; x_wconf 89' lang='lat' dir='ltr'><strong>volemus</strong></span> <span class='ocrx_word' id='word_1_129' title='bbox 1100 1788 1197 1847; x_wconf 92' lang='lat' dir='ltr'><strong>usque</strong></span> <span class='ocrx_word' id='word_1_130' title='bbox 1213 1791 1242 1842; x_wconf 81' lang='lat'><strong>15</strong></span> 
     </span>
     <span class='ocr_line' id='line_1_17' title="bbox 191 1865 1198 1946; baseline -0.006 -16"><span class='ocrx_word' id='word_1_131' title='bbox 191 1870 230 1930; x_wconf 89' lang='lat' dir='ltr'><strong>ad</strong></span> <span class='ocrx_word' id='word_1_132' title='bbox 259 1870 317 1929; x_wconf 93' lang='lat' dir='ltr'><strong>hoc</strong></span> <span class='ocrx_word' id='word_1_133' title='bbox 345 1879 464 1946; x_wconf 91' lang='lat' dir='ltr'><strong>tempus</strong></span> <span class='ocrx_word' id='word_1_134' title='bbox 494 1867 642 1946; x_wconf 90' lang='lat' dir='ltr'><strong>persequi,</strong></span> <span class='ocrx_word' id='word_1_135' title='bbox 675 1867 890 1946; x_wconf 87' lang='lat' dir='ltr'><strong>intellegemus,</strong></span> <span class='ocrx_word' id='word_1_136' title='bbox 920 1878 955 1926; x_wconf 93' lang='lat' dir='ltr'><strong>ut</strong></span> <span class='ocrx_word' id='word_1_137' title='bbox 985 1865 1077 1926; x_wconf 87' lang='lat' dir='ltr'><strong>hodie</strong></span> <span class='ocrx_word' id='word_1_138' title='bbox 1106 1865 1198 1926; x_wconf 89' lang='lat' dir='ltr'><strong>etiam</strong></span> 
     </span>
     <span class='ocr_line' id='line_1_18' title="bbox 191 1961 1196 2035; baseline -0.002 -10"><span class='ocrx_word' id='word_1_139' title='bbox 191 1966 436 2027; x_wconf 86' lang='lat' dir='ltr'><strong>Alabandensem</strong></span> <span class='ocrx_word' id='word_1_140' title='bbox 451 1964 535 2025; x_wconf 88' lang='lat' dir='ltr'><strong>illum</strong></span> <span class='ocrx_word' id='word_1_141' title='bbox 557 1966 728 2026; x_wconf 87' lang='lat' dir='ltr'><strong>Meneclem</strong></span> <span class='ocrx_word' id='word_1_142' title='bbox 747 1976 778 2026; x_wconf 92' lang='lat' dir='ltr'><strong>et</strong></span> <span class='ocrx_word' id='word_1_143' title='bbox 794 1964 859 2026; x_wconf 92' lang='lat' dir='ltr'><strong>eius</strong></span> <span class='ocrx_word' id='word_1_144' title='bbox 876 1966 996 2025; x_wconf 83' lang='lat' dir='ltr'><strong>fratrem</strong></span> <span class='ocrx_word' id='word_1_145' title='bbox 1012 1961 1196 2035; x_wconf 83' lang='lat' dir='ltr'><strong>Hieroclem,</strong></span> 
     </span>
     <span class='ocr_line' id='line_1_19' title="bbox 191 2059 1198 2141; baseline -0.003 -18"><span class='ocrx_word' id='word_1_146' title='bbox 191 2083 269 2141; x_wconf 92' lang='lat' dir='ltr'><strong>quos</strong></span> <span class='ocrx_word' id='word_1_147' title='bbox 296 2083 353 2141; x_wconf 86' lang='lat' dir='ltr'><strong>ego</strong></span> <span class='ocrx_word' id='word_1_148' title='bbox 379 2061 489 2135; x_wconf 82' lang='lat' dir='ltr'><strong>audivi,</strong></span> <span class='ocrx_word' id='word_1_149' title='bbox 520 2073 584 2124; x_wconf 89' lang='lat' dir='ltr'><strong>tota</strong></span> <span class='ocrx_word' id='word_1_150' title='bbox 613 2061 745 2123; x_wconf 91' lang='lat' dir='ltr'><strong>imitetur</strong></span> <span class='ocrx_word' id='word_1_151' title='bbox 776 2061 856 2134; x_wconf 90' lang='lat' dir='ltr'><strong>Asia,</strong></span> <span class='ocrx_word' id='word_1_152' title='bbox 887 2061 930 2122; x_wconf 92' lang='lat' dir='ltr'><strong>sic</strong></span> <span class='ocrx_word' id='word_1_153' title='bbox 961 2080 1080 2138; x_wconf 89' lang='lat' dir='ltr'><strong>semper</strong></span> <span class='ocrx_word' id='word_1_154' title='bbox 1106 2059 1198 2120; x_wconf 85' lang='lat' dir='ltr'><strong>fuisse</strong></span> 
     </span>
     <span class='ocr_line' id='line_1_20' title="bbox 144 2155 1199 2239; baseline -0.002 -23"><span class='ocrx_word' id='word_1_155' title='bbox 144 2166 179 2230; x_wconf 87' lang='lat'><strong>96</strong></span> <span class='ocrx_word' id='word_1_156' title='bbox 192 2160 331 2239; x_wconf 82' lang='lat' dir='ltr'><strong>aliquem,</strong></span> <span class='ocrx_word' id='word_1_157' title='bbox 347 2159 433 2221; x_wconf 92' lang='lat' dir='ltr'><strong>cuius</strong></span> <span class='ocrx_word' id='word_1_158' title='bbox 446 2179 479 2220; x_wconf 91' lang='lat' dir='ltr'><strong>se</strong></span> <span class='ocrx_word' id='word_1_159' title='bbox 493 2158 598 2221; x_wconf 89' lang='lat' dir='ltr'><strong>similis</strong></span> <span class='ocrx_word' id='word_1_160' title='bbox 612 2158 746 2237; x_wconf 91' lang='lat' dir='ltr'><strong>plerique</strong></span> <span class='ocrx_word' id='word_1_161' title='bbox 761 2179 826 2220; x_wconf 91' lang='lat' dir='ltr'><strong>esse</strong></span> <span class='ocrx_word' id='word_1_162' title='bbox 841 2160 959 2220; x_wconf 85' lang='lat' dir='ltr'><strong>vellent</strong></span> <span class='ocrx_word' id='word_1_163' title='bbox 1004 2160 1096 2218; x_wconf 90' lang='lat' dir='ltr'><strong>Hanc</strong></span> <span class='ocrx_word' id='word_1_164' title='bbox 1109 2155 1199 2233; x_wconf 85' lang='lat' dir='ltr'><strong>igitur</strong></span> 
     </span>
     <span class='ocr_line' id='line_1_21' title="bbox 191 2252 1244 2340; baseline -0.007 -22"><span class='ocrx_word' id='word_1_165' title='bbox 191 2256 418 2340; x_wconf 89' lang='lat' dir='ltr'><strong>similitudinem</strong></span> <span class='ocrx_word' id='word_1_166' title='bbox 440 2256 493 2335; x_wconf 93' lang='lat' dir='ltr'><strong>qui</strong></span> <span class='ocrx_word' id='word_1_167' title='bbox 515 2255 682 2318; x_wconf 91' lang='lat' dir='ltr'><strong>imitatione</strong></span> <span class='ocrx_word' id='word_1_168' title='bbox 703 2255 828 2334; x_wconf 88' lang='lat' dir='ltr'><strong>adsequi</strong></span> <span class='ocrx_word' id='word_1_169' title='bbox 851 2259 940 2329; x_wconf 90' lang='lat' dir='ltr'><strong>volet,</strong></span> <span class='ocrx_word' id='word_1_170' title='bbox 966 2261 1036 2316; x_wconf 88' lang='lat' dir='ltr'><strong>cum</strong></span> <span class='ocrx_word' id='word_1_171' title='bbox 1059 2252 1198 2315; x_wconf 83' lang='lat' dir='ltr'><strong>exercita·</strong></span> <span class='ocrx_word' id='word_1_172' title='bbox 1213 2277 1244 2311; x_wconf 66' lang='grc' dir='ltr'><strong>ιο</strong></span> 
     </span>
     <span class='ocr_line' id='line_1_22' title="bbox 192 2351 1198 2432; baseline -0.004 -17"><span class='ocrx_word' id='word_1_173' title='bbox 192 2354 325 2416; x_wconf 89' lang='lat' dir='ltr'><strong>tionibus</strong></span> <span class='ocrx_word' id='word_1_174' title='bbox 339 2354 450 2417; x_wconf 90' lang='lat' dir='ltr'><strong>crebris</strong></span> <span class='ocrx_word' id='word_1_175' title='bbox 463 2365 554 2432; x_wconf 88' lang='lat' dir='ltr'><strong>atque</strong></span> <span class='ocrx_word' id='word_1_176' title='bbox 570 2353 685 2432; x_wconf 87' lang='lat' dir='ltr'><strong>magnis</strong></span> <span class='ocrx_word' id='word_1_177' title='bbox 700 2365 765 2414; x_wconf 91' lang='lat' dir='ltr'><strong>tum</strong></span> <span class='ocrx_word' id='word_1_178' title='bbox 780 2353 941 2415; x_wconf 91' lang='lat' dir='ltr'><strong>scribendo</strong></span> <span class='ocrx_word' id='word_1_179' title='bbox 956 2351 1085 2413; x_wconf 90' lang='lat' dir='ltr'><strong>maxime</strong></span> <span class='ocrx_word' id='word_1_180' title='bbox 1099 2372 1198 2430; x_wconf 85' lang='lat' dir='ltr'><strong>perse·</strong></span> 
     </span>
     <span class='ocr_line' id='line_1_23' title="bbox 191 2450 1197 2531; baseline -0.003 -18"><span class='ocrx_word' id='word_1_181' title='bbox 191 2462 317 2531; x_wconf 87' lang='lat' dir='ltr'><strong>quatur;</strong></span> <span class='ocrx_word' id='word_1_182' title='bbox 346 2454 430 2531; x_wconf 94' lang='lat' dir='ltr'><strong>quod</strong></span> <span class='ocrx_word' id='word_1_183' title='bbox 451 2452 476 2513; x_wconf 94' lang='lat' dir='ltr'><strong>si</strong></span> <span class='ocrx_word' id='word_1_184' title='bbox 497 2455 572 2513; x_wconf 90' lang='lat' dir='ltr'><strong>haec</strong></span> <span class='ocrx_word' id='word_1_185' title='bbox 593 2463 695 2513; x_wconf 91' lang='lat' dir='ltr'><strong>noster</strong></span> <span class='ocrx_word' id='word_1_186' title='bbox 715 2451 865 2530; x_wconf 90' lang='lat' dir='ltr'><strong>Sulpicius</strong></span> <span class='ocrx_word' id='word_1_187' title='bbox 884 2454 1002 2524; x_wconf 84' lang='lat' dir='ltr'><strong>faceret,</strong></span> <span class='ocrx_word' id='word_1_188' title='bbox 1019 2452 1115 2510; x_wconf 94' lang='lat' dir='ltr'><strong>multo</strong></span> <span class='ocrx_word' id='word_1_189' title='bbox 1133 2450 1197 2511; x_wconf 91' lang='lat' dir='ltr'><strong>eius</strong></span> 
     </span>
     <span class='ocr_line' id='line_1_24' title="bbox 192 2546 1197 2628; baseline -0.006 -16"><span class='ocrx_word' id='word_1_190' title='bbox 192 2549 287 2612; x_wconf 89' lang='lat' dir='ltr'><strong>oratio</strong></span> <span class='ocrx_word' id='word_1_191' title='bbox 307 2563 386 2612; x_wconf 92' lang='lat' dir='ltr'><strong>esset</strong></span> <span class='ocrx_word' id='word_1_192' title='bbox 402 2549 530 2628; x_wconf 89' lang='lat' dir='ltr'><strong>pressior</strong></span> <span class='ocrx_word' id='word_1_193' title='bbox 541 2572 550 2624; x_wconf 91' lang='lat'>;</span> <span class='ocrx_word' id='word_1_194' title='bbox 579 2549 610 2610; x_wconf 95' lang='lat' dir='ltr'><strong>in</strong></span> <span class='ocrx_word' id='word_1_195' title='bbox 625 2570 686 2628; x_wconf 89' lang='lat' dir='ltr'><strong>qua</strong></span> <span class='ocrx_word' id='word_1_196' title='bbox 702 2570 784 2610; x_wconf 91' lang='lat' dir='ltr'><strong>nunc</strong></span> <span class='ocrx_word' id='word_1_197' title='bbox 806 2549 966 2621; x_wconf 87' lang='lat' dir='ltr'><strong>interdum,</strong></span> <span class='ocrx_word' id='word_1_198' title='bbox 989 2559 1023 2609; x_wconf 93' lang='lat' dir='ltr'><strong>ut</strong></span> <span class='ocrx_word' id='word_1_199' title='bbox 1043 2547 1075 2607; x_wconf 92' lang='lat' dir='ltr'><strong>in</strong></span> <span class='ocrx_word' id='word_1_200' title='bbox 1097 2546 1197 2607; x_wconf 91' lang='lat' dir='ltr'><strong>herbis</strong></span> 
     </span>
     <span class='ocr_line' id='line_1_25' title="bbox 192 2644 1198 2722; baseline -0.003 -14"><span class='ocrx_word' id='word_1_201' title='bbox 192 2647 293 2708; x_wconf 91' lang='lat' dir='ltr'><strong>rustici</strong></span> <span class='ocrx_word' id='word_1_202' title='bbox 308 2649 406 2708; x_wconf 87' lang='lat' dir='ltr'><strong>solent</strong></span> <span class='ocrx_word' id='word_1_203' title='bbox 420 2647 520 2709; x_wconf 91' lang='lat' dir='ltr'><strong>dicere</strong></span> <span class='ocrx_word' id='word_1_204' title='bbox 534 2647 566 2708; x_wconf 91' lang='lat' dir='ltr'><strong>in</strong></span> <span class='ocrx_word' id='word_1_205' title='bbox 580 2667 699 2709; x_wconf 90' lang='lat' dir='ltr'><strong>summa</strong></span> <span class='ocrx_word' id='word_1_206' title='bbox 713 2648 856 2720; x_wconf 91' lang='lat' dir='ltr'><strong>ubertate,</strong></span> <span class='ocrx_word' id='word_1_207' title='bbox 873 2646 951 2708; x_wconf 92' lang='lat' dir='ltr'><strong>inest</strong></span> <span class='ocrx_word' id='word_1_208' title='bbox 965 2644 1095 2705; x_wconf 87' lang='lat' dir='ltr'><strong>luxuries</strong></span> <span class='ocrx_word' id='word_1_209' title='bbox 1109 2664 1198 2722; x_wconf 88' lang='lat' dir='ltr'><strong>quae·</strong></span> 
     </span>
     <span class='ocr_line' id='line_1_26' title="bbox 144 2741 1243 2823; baseline -0.009 -14"><span class='ocrx_word' id='word_1_210' title='bbox 144 2758 178 2816; x_wconf 80' lang='lat'><strong>97</strong></span> <span class='ocrx_word' id='word_1_211' title='bbox 191 2747 272 2819; x_wconf 91' lang='lat' dir='ltr'><strong>dam,</strong></span> <span class='ocrx_word' id='word_1_212' title='bbox 295 2765 372 2823; x_wconf 88' lang='lat' dir='ltr'><strong>quae</strong></span> <span class='ocrx_word' id='word_1_213' title='bbox 393 2745 461 2806; x_wconf 92' lang='lat' dir='ltr'><strong>stilo</strong></span> <span class='ocrx_word' id='word_1_214' title='bbox 481 2746 674 2823; x_wconf 87' lang='lat' dir='ltr'><strong>depascenda</strong></span> <span class='ocrx_word' id='word_1_215' title='bbox 692 2747 755 2806; x_wconf 83' lang='lat' dir='ltr'><strong>est’</strong></span> <span class='ocrx_word' id='word_1_216' title='bbox 798 2744 860 2805; x_wconf 92' lang='lat' dir='ltr'><strong>Hic</strong></span> <span class='ocrx_word' id='word_1_217' title='bbox 882 2741 1031 2822; x_wconf 89' lang='lat' dir='ltr'><strong>Sulpicius</strong></span> <span class='ocrx_word' id='word_1_218' title='bbox 1052 2747 1121 2804; x_wconf 87' lang='lat' dir='ltr'><strong>‘me</strong></span> <span class='ocrx_word' id='word_1_219' title='bbox 1135 2741 1199 2821; x_wconf 92' lang='lat' dir='ltr'><strong>qui-</strong></span> <span class='ocrx_word' id='word_1_220' title='bbox 1213 2765 1243 2815; x_wconf 85' lang='lat'><strong>²5</strong></span> 
     </span>
     <span class='ocr_line' id='line_1_27' title="bbox 192 2840 1198 2921; baseline -0.002 -18"><span class='ocrx_word' id='word_1_221' title='bbox 192 2843 279 2903; x_wconf 92' lang='lat' dir='ltr'><strong>dem&#39;</strong></span> <span class='ocrx_word' id='word_1_222' title='bbox 293 2841 390 2921; x_wconf 93' lang='lat' dir='ltr'><strong>inquit</strong></span> <span class='ocrx_word' id='word_1_223' title='bbox 410 2848 506 2903; x_wconf 85' lang='lat' dir='ltr'><strong>‘recte</strong></span> <span class='ocrx_word' id='word_1_224' title='bbox 528 2861 642 2914; x_wconf 89' lang='lat' dir='ltr'><strong>mones,</strong></span> <span class='ocrx_word' id='word_1_225' title='bbox 659 2841 751 2920; x_wconf 89' lang='lat' dir='ltr'><strong>idque</strong></span> <span class='ocrx_word' id='word_1_226' title='bbox 771 2840 846 2900; x_wconf 91' lang='lat' dir='ltr'><strong>mihi</strong></span> <span class='ocrx_word' id='word_1_227' title='bbox 863 2852 979 2920; x_wconf 84' lang='lat' dir='ltr'><strong>gratum</strong></span> <span class='ocrx_word' id='word_1_228' title='bbox 995 2850 1060 2914; x_wconf 82' lang='lat' dir='ltr'><strong>est3</strong></span> <span class='ocrx_word' id='word_1_229' title='bbox 1090 2841 1144 2901; x_wconf 92' lang='lat' dir='ltr'><strong>sed</strong></span> <span class='ocrx_word' id='word_1_230' title='bbox 1158 2860 1198 2901; x_wconf 88' lang='lat' dir='ltr'><strong>ne</strong></span> 
     </span>
     <span class='ocr_line' id='line_1_28' title="bbox 158 2937 1198 3018; baseline -0.005 -14"><span class='ocrx_word' id='word_1_231' title='bbox 158 3001 159 3004; x_wconf 74' lang='grc'>,</span> <span class='ocrx_word' id='word_1_232' title='bbox 191 2938 368 3018; x_wconf 85' lang='lat' dir='ltr'><strong>tequidem,</strong></span> <span class='ocrx_word' id='word_1_233' title='bbox 383 2939 506 3013; x_wconf 90' lang='lat' dir='ltr'><strong>Antoni,</strong></span> <span class='ocrx_word' id='word_1_234' title='bbox 523 2941 652 3001; x_wconf 88' lang='lat' dir='ltr'><strong>multum</strong></span> <span class='ocrx_word' id='word_1_235' title='bbox 672 2938 852 3018; x_wconf 89' lang='lat' dir='ltr'><strong>scriptitasse</strong></span> <span class='ocrx_word' id='word_1_236' title='bbox 866 2938 1009 2999; x_wconf 70' lang='lat' dir='ltr'><strong>arbitror!</strong></span> <span class='ocrx_word' id='word_1_237' title='bbox 1052 2939 1133 2998; x_wconf 92' lang='lat' dir='ltr'><strong>Tum</strong></span> <span class='ocrx_word' id='word_1_238' title='bbox 1147 2937 1198 2999; x_wconf 88' lang='lat' dir='ltr'><strong>ille</strong></span> 
     </span>
     <span class='ocr_line' id='line_1_29' title="bbox 193 3035 1196 3117; baseline -0.002 -20"><span class='ocrx_word' id='word_1_239' title='bbox 193 3037 295 3114; x_wconf 89' lang='lat' dir='ltr'><strong>‘quasi</strong></span> <span class='ocrx_word' id='word_1_240' title='bbox 308 3041 394 3100; x_wconf 89' lang='lat' dir='ltr'><strong>vero’</strong></span> <span class='ocrx_word' id='word_1_241' title='bbox 409 3038 506 3117; x_wconf 91' lang='lat' dir='ltr'><strong>inquit</strong></span> <span class='ocrx_word' id='word_1_242' title='bbox 523 3043 602 3099; x_wconf 92' lang='lat' dir='ltr'><strong>‘non</strong></span> <span class='ocrx_word' id='word_1_243' title='bbox 618 3058 654 3100; x_wconf 92' lang='lat' dir='ltr'><strong>ea</strong></span> <span class='ocrx_word' id='word_1_244' title='bbox 672 3037 853 3116; x_wconf 88' lang='lat' dir='ltr'><strong>praecipiam</strong></span> <span class='ocrx_word' id='word_1_245' title='bbox 868 3037 941 3110; x_wconf 93' lang='lat' dir='ltr'><strong>aliis,</strong></span> <span class='ocrx_word' id='word_1_246' title='bbox 957 3057 1036 3115; x_wconf 89' lang='lat' dir='ltr'><strong>quae</strong></span> <span class='ocrx_word' id='word_1_247' title='bbox 1051 3035 1196 3113; x_wconf 91' lang='lat' dir='ltr'><strong>mihiipsi</strong></span> 
     </span>
     <span class='ocr_line' id='line_1_30' title="bbox 191 3133 1196 3214; baseline -0.001 -19"><span class='ocrx_word' id='word_1_248' title='bbox 191 3133 306 3195; x_wconf 89' lang='lat' dir='ltr'><strong>desint:</strong></span> <span class='ocrx_word' id='word_1_249' title='bbox 338 3137 392 3196; x_wconf 88' lang='lat' dir='ltr'><strong>sed</strong></span> <span class='ocrx_word' id='word_1_250' title='bbox 407 3147 508 3197; x_wconf 91' lang='lat' dir='ltr'><strong>tamen</strong></span> <span class='ocrx_word' id='word_1_251' title='bbox 522 3157 562 3196; x_wconf 92' lang='lat' dir='ltr'><strong>ne</strong></span> <span class='ocrx_word' id='word_1_252' title='bbox 581 3137 697 3196; x_wconf 91' lang='lat' dir='ltr'><strong>tabulas</strong></span> <span class='ocrx_word' id='word_1_253' title='bbox 717 3135 840 3214; x_wconf 90' lang='lat' dir='ltr'><strong>quidem</strong></span> <span class='ocrx_word' id='word_1_254' title='bbox 862 3136 1011 3196; x_wconf 88' lang='lat' dir='ltr'><strong>conticere</strong></span> <span class='ocrx_word' id='word_1_255' title='bbox 1025 3133 1196 3208; x_wconf 90' lang='lat' dir='ltr'><strong>existimor:</strong></span> 
     </span>
     <span class='ocr_line' id='line_1_31' title="bbox 190 3231 1243 3308; baseline 0.003 -17"><span class='ocrx_word' id='word_1_256' title='bbox 190 3251 292 3293; x_wconf 87' lang='lat' dir='ltr'><strong>verum</strong></span> <span class='ocrx_word' id='word_1_257' title='bbox 307 3243 337 3292; x_wconf 91' lang='lat' dir='ltr'><strong>et</strong></span> <span class='ocrx_word' id='word_1_258' title='bbox 350 3232 382 3292; x_wconf 95' lang='lat' dir='ltr'><strong>in</strong></span> <span class='ocrx_word' id='word_1_259' title='bbox 404 3234 463 3294; x_wconf 94' lang='lat' dir='ltr'><strong>hoc</strong></span> <span class='ocrx_word' id='word_1_260' title='bbox 483 3253 519 3293; x_wconf 89' lang='lat' dir='ltr'><strong>ex</strong></span> <span class='ocrx_word' id='word_1_261' title='bbox 535 3253 567 3293; x_wconf 90' lang='lat' dir='ltr'><strong>re</strong></span> <span class='ocrx_word' id='word_1_262' title='bbox 588 3231 724 3294; x_wconf 84' lang='lat' dir='ltr'><strong>familiari</strong></span> <span class='ocrx_word' id='word_1_263' title='bbox 744 3253 812 3293; x_wconf 89' lang='lat' dir='ltr'><strong>mea</strong></span> <span class='ocrx_word' id='word_1_264' title='bbox 830 3243 861 3293; x_wconf 89' lang='lat' dir='ltr'><strong>et</strong></span> <span class='ocrx_word' id='word_1_265' title='bbox 876 3231 908 3291; x_wconf 91' lang='lat' dir='ltr'><strong>in</strong></span> <span class='ocrx_word' id='word_1_266' title='bbox 930 3231 981 3292; x_wconf 94' lang='lat' dir='ltr'><strong>illo</strong></span> <span class='ocrx_word' id='word_1_267' title='bbox 1001 3251 1096 3302; x_wconf 87' lang='lat' dir='ltr'><strong>exeo,</strong></span> <span class='ocrx_word' id='word_1_268' title='bbox 1113 3232 1196 3308; x_wconf 93' lang='lat' dir='ltr'><strong>quod</strong></span> <span class='ocrx_word' id='word_1_269' title='bbox 1212 3245 1243 3294; x_wconf 83' lang='lat'><strong>30</strong></span> 
     </span>
     <span class='ocr_line' id='line_1_32' title="bbox 189 3327 1194 3409; baseline -0.002 -19"><span class='ocrx_word' id='word_1_270' title='bbox 189 3329 267 3403; x_wconf 92' lang='lat' dir='ltr'><strong>dico,</strong></span> <span class='ocrx_word' id='word_1_271' title='bbox 284 3332 462 3408; x_wconf 89' lang='lat' dir='ltr'><strong>quantulum</strong></span> <span class='ocrx_word' id='word_1_272' title='bbox 476 3329 508 3391; x_wconf 92' lang='lat' dir='ltr'><strong>id</strong></span> <span class='ocrx_word' id='word_1_273' title='bbox 523 3350 654 3409; x_wconf 91' lang='lat' dir='ltr'><strong>cumque</strong></span> <span class='ocrx_word' id='word_1_274' title='bbox 668 3340 721 3403; x_wconf 86' lang='lat' dir='ltr'><strong>est,</strong></span> <span class='ocrx_word' id='word_1_275' title='bbox 738 3329 812 3408; x_wconf 93' lang='lat' dir='ltr'><strong>quid</strong></span> <span class='ocrx_word' id='word_1_276' title='bbox 827 3328 933 3390; x_wconf 84' lang='lat' dir='ltr'><strong>faciam</strong></span> <span class='ocrx_word' id='word_1_277' title='bbox 948 3327 1073 3389; x_wconf 91' lang='lat' dir='ltr'><strong>iudicari</strong></span> <span class='ocrx_word' id='word_1_278' title='bbox 1086 3339 1194 3408; x_wconf 85' lang='lat' dir='ltr'><strong>potest</strong></span> 
     </span>
     <span class='ocr_line' id='line_1_33' title="bbox 223 3477 1197 3542; baseline -0.001 -16"><span class='ocrx_word' id='word_1_279' title='bbox 223 3478 382 3527; x_wconf 86' lang='lat' dir='ltr'><strong>M=AEH</strong></span> <span class='ocrx_word' id='word_1_280' title='bbox 421 3499 422 3503; x_wconf 45' lang='lat'>¹</span> <span class='ocrx_word' id='word_1_281' title='bbox 478 3496 494 3528; x_wconf 79' lang='lat' dir='ltr'><strong>a</strong></span> <span class='ocrx_word' id='word_1_282' title='bbox 511 3485 588 3541; x_wconf 84' lang='lat' dir='ltr'><strong>atque</strong></span> <span class='ocrx_word' id='word_1_283' title='bbox 600 3479 633 3527; x_wconf 91' lang='lat' dir='ltr'><em>M</em></span> <span class='ocrx_word' id='word_1_284' title='bbox 639 3497 645 3529; x_wconf 76' lang='grc' dir='ltr'><strong><em>ι</em></strong></span> <span class='ocrx_word' id='word_1_285' title='bbox 663 3477 853 3541; x_wconf 75' lang='lat' dir='ltr'><strong>atquiEllmdtz</strong></span> <span class='ocrx_word' id='word_1_286' title='bbox 871 3478 957 3540; x_wconf 78' lang='lat' dir='ltr'><strong>itaque</strong></span> <span class='ocrx_word' id='word_1_287' title='bbox 968 3478 1035 3540; x_wconf 55' lang='grc' dir='ltr'><strong>ωαχ.</strong></span> <span class='ocrx_word' id='word_1_288' title='bbox 1104 3492 1197 3542; x_wconf 76' lang='lat' dir='ltr'><strong>4sese</strong></span> 
     </span>
     <span class='ocr_line' id='line_1_34' title="bbox 189 3541 1196 3607; baseline -0.003 -13"><span class='ocrx_word' id='word_1_289' title='bbox 189 3546 265 3594; x_wconf 85' lang='lat' dir='ltr'><strong>etL:</strong></span> <span class='ocrx_word' id='word_1_290' title='bbox 283 3543 388 3595; x_wconf 86' lang='lat' dir='ltr'><strong>seseM</strong></span> <span class='ocrx_word' id='word_1_291' title='bbox 459 3544 640 3605; x_wconf 76' lang='lat' dir='ltr'><strong>qnooom.H</strong></span> <span class='ocrx_word' id='word_1_292' title='bbox 705 3560 734 3605; x_wconf 83' lang='lat'><strong>14</strong></span> <span class='ocrx_word' id='word_1_293' title='bbox 747 3541 1008 3607; x_wconf 83' lang='lat' dir='ltr'><strong>potentissimust</strong></span> <span class='ocrx_word' id='word_1_294' title='bbox 1077 3544 1107 3589; x_wconf 89' lang='lat'><strong>16</strong></span> <span class='ocrx_word' id='word_1_295' title='bbox 1118 3542 1196 3591; x_wconf 90' lang='lat' dir='ltr'><strong>hodie</strong></span> 
     </span>
    </p>
   </div>
   <div class='ocr_carea' id='block_1_3' title="bbox 189 3606 1196 3740">
    <p class='ocr_par' dir='ltr' id='par_1_3' title="bbox 189 3606 1196 3740">
     <span class='ocr_line' id='line_1_35' title="bbox 189 3606 1196 3684; baseline -0.006 -24"><span class='ocrx_word' id='word_1_296' title='bbox 189 3606 275 3675; x_wconf 81' lang='lat' dir='ltr'><strong>oulg.:</strong></span> <span class='ocrx_word' id='word_1_297' title='bbox 293 3611 370 3659; x_wconf 79' lang='lat' dir='ltr'><strong>etiam</strong></span> <span class='ocrx_word' id='word_1_298' title='bbox 381 3609 427 3658; x_wconf 81' lang='lat' dir='ltr'><strong>M:</strong></span> <span class='ocrx_word' id='word_1_299' title='bbox 445 3609 524 3659; x_wconf 79' lang='lat' dir='ltr'><strong>etiam</strong></span> <span class='ocrx_word' id='word_1_300' title='bbox 536 3611 612 3659; x_wconf 91' lang='lat' dir='ltr'><strong>hodie</strong></span> <span class='ocrx_word' id='word_1_301' title='bbox 623 3608 724 3658; x_wconf 80' lang='lat' dir='ltr'><strong>Ellendt</strong></span> <span class='ocrx_word' id='word_1_302' title='bbox 832 3608 862 3656; x_wconf 80' lang='lat'><strong>18</strong></span> <span class='ocrx_word' id='word_1_303' title='bbox 880 3607 1072 3684; x_wconf 62' lang='lat' dir='ltr'><strong>imitaturoulg.</strong></span> <span class='ocrx_word' id='word_1_304' title='bbox 1163 3622 1196 3669; x_wconf 81' lang='lat'><strong>23</strong></span> 
     </span>
     <span class='ocr_line' id='line_1_36' title="bbox 190 3670 1196 3740; baseline -0.003 -17"><span class='ocrx_word' id='word_1_305' title='bbox 190 3675 306 3739; x_wconf 85' lang='lat' dir='ltr'><strong>pressior</strong></span> <span class='ocrx_word' id='word_1_306' title='bbox 316 3676 383 3739; x_wconf 80' lang='lat' dir='ltr'><strong>vulg.</strong></span> <span class='ocrx_word' id='word_1_307' title='bbox 395 3692 400 3725; x_wconf 91' lang='lat'>:</span> <span class='ocrx_word' id='word_1_308' title='bbox 413 3676 496 3740; x_wconf 73' lang='lat' dir='ltr'><strong>psidie</strong></span> <span class='ocrx_word' id='word_1_309' title='bbox 504 3674 570 3723; x_wconf 77' lang='lat' dir='ltr'><strong>HE&#39;</strong></span> <span class='ocrx_word' id='word_1_310' title='bbox 576 3690 623 3736; x_wconf 82' lang='lat'><strong>32:</strong></span> <span class='ocrx_word' id='word_1_311' title='bbox 636 3675 719 3737; x_wconf 74' lang='lat' dir='ltr'><strong>psidie</strong></span> <span class='ocrx_word' id='word_1_312' title='bbox 725 3672 789 3724; x_wconf 71' lang='lat' dir='ltr'><strong>Aa¹</strong></span> <span class='ocrx_word' id='word_1_313' title='bbox 864 3675 897 3722; x_wconf 72' lang='lat' dir='ltr'><strong>aa</strong></span> <span class='ocrx_word' id='word_1_314' title='bbox 908 3688 961 3722; x_wconf 91' lang='lat' dir='ltr'><strong>non</strong></span> <span class='ocrx_word' id='word_1_315' title='bbox 970 3670 1196 3722; x_wconf 66' lang='lat' dir='ltr'><strong>saltantFn&#39;aedn&#39;ch</strong></span> 
     </span>
    </p>
   </div>
   <div class='ocr_carea' id='block_1_4' title="bbox 0 0 1328 4216">
    <p class='ocr_par' dir='ltr' id='par_1_4' title="bbox 0 0 1328 4216">
     <span class='ocr_line' id='line_1_37' title="bbox 0 0 1328 4216; baseline 0 1"><span class='ocrx_word' id='word_1_316' title='bbox 0 0 1328 4216; x_wconf 95' lang='lat' dir='ltr'><strong> </strong></span> 
     </span>
    </p>
   </div>
  </div>
 </body>
</html>
