<?xml version="1.0" encoding="UTF-8"?>
<!DOCTYPE html PUBLIC "-//W3C//DTD XHTML 1.0 Transitional//EN"
    "http://www.w3.org/TR/xhtml1/DTD/xhtml1-transitional.dtd">
<html xmlns="http://www.w3.org/1999/xhtml" xml:lang="en" lang="en">
 <head>
  <title>
</title>
<meta http-equiv="Content-Type" content="text/html;charset=utf-8" />
  <meta name='ocr-system' content='tesseract 3.04.00' />
  <meta name='ocr-capabilities' content='ocr_page ocr_carea ocr_par ocr_line ocrx_word'/>
</head>
<body>
  <div class='ocr_page' id='page_1' title='image "./mtvlliciceronis01wilkgoog/mtvlliciceronis01wilkgoog_0173.png"; bbox 0 0 2648 4216; ppageno 0'>
   <div class='ocr_carea' id='block_1_1' title="bbox 89 253 932 337">
    <p class='ocr_par' dir='ltr' id='par_1_1' title="bbox 89 253 932 337">
     <span class='ocr_line' id='line_1_1' title="bbox 89 253 932 337; baseline -0.005 -17"><span class='ocrx_word' id='word_1_1' title='bbox 89 261 129 335; x_wconf 80' lang='lat'>⁷⁸</span> <span class='ocrx_word' id='word_1_2' title='bbox 142 253 189 337; x_wconf 56' lang='grc' dir='ltr'>μ’,</span> <span class='ocrx_word' id='word_1_3' title='bbox 482 260 525 318; x_wconf 84' lang='grc' dir='ltr'>Μ.</span> <span class='ocrx_word' id='word_1_4' title='bbox 548 255 677 317; x_wconf 74' lang='lat' dir='ltr'>Tvcm</span> <span class='ocrx_word' id='word_1_5' title='bbox 699 257 932 320; x_wconf 73' lang='lat' dir='ltr'>Crannonis</span> 
     </span>
    </p>
   </div>
   <div class='ocr_carea' id='block_1_2' title="bbox 139 418 1257 3136">
    <p class='ocr_par' dir='ltr' id='par_1_2' title="bbox 139 418 1257 3136">
     <span class='ocr_line' id='line_1_2' title="bbox 203 418 1211 506; baseline -0.007 -18"><span class='ocrx_word' id='word_1_6' title='bbox 203 429 387 506; x_wconf 83' lang='lat' dir='ltr'>deprompta,</span> <span class='ocrx_word' id='word_1_7' title='bbox 404 435 434 486; x_wconf 89' lang='lat' dir='ltr'>et</span> <span class='ocrx_word' id='word_1_8' title='bbox 452 424 608 504; x_wconf 81' lang='lat' dir='ltr'>apparebit</span> <span class='ocrx_word' id='word_1_9' title='bbox 627 445 663 484; x_wconf 89' lang='lat' dir='ltr'>ea</span> <span class='ocrx_word' id='word_1_10' title='bbox 681 418 750 484; x_wconf 66' lang='lat' dir='ltr'>non&#39;</span> <span class='ocrx_word' id='word_1_11' title='bbox 761 425 855 484; x_wconf 94' lang='lat' dir='ltr'>modo</span> <span class='ocrx_word' id='word_1_12' title='bbox 873 443 936 482; x_wconf 92' lang='lat' dir='ltr'>non</span> <span class='ocrx_word' id='word_1_13' title='bbox 955 420 1021 484; x_wconf 85' lang='lat' dir='ltr'>esse</span> <span class='ocrx_word' id='word_1_14' title='bbox 1034 421 1211 484; x_wconf 89' lang='lat' dir='ltr'>communia</span> 
     </span>
     <span class='ocr_line' id='line_1_3' title="bbox 202 518 1212 599; baseline -0.003 -17"><span class='ocrx_word' id='word_1_15' title='bbox 202 523 303 584; x_wconf 88' lang='lat' dir='ltr'>necin</span> <span class='ocrx_word' id='word_1_16' title='bbox 318 523 390 583; x_wconf 88' lang='lat' dir='ltr'>alias</span> <span class='ocrx_word' id='word_1_17' title='bbox 409 542 514 583; x_wconf 87' lang='lat' dir='ltr'>causas</span> <span class='ocrx_word' id='word_1_18' title='bbox 533 541 621 599; x_wconf 93' lang='lat' dir='ltr'>posse</span> <span class='ocrx_word' id='word_1_19' title='bbox 642 518 799 592; x_wconf 78' lang='lat' dir='ltr'>transferri,</span> <span class='ocrx_word' id='word_1_20' title='bbox 815 521 870 580; x_wconf 91' lang='lat' dir='ltr'>sed</span> <span class='ocrx_word' id='word_1_21' title='bbox 884 519 1003 598; x_wconf 89' lang='lat' dir='ltr'>penitus</span> <span class='ocrx_word' id='word_1_22' title='bbox 1018 540 1054 580; x_wconf 87' lang='lat' dir='ltr'>ex</span> <span class='ocrx_word' id='word_1_23' title='bbox 1068 539 1104 580; x_wconf 85' lang='lat' dir='ltr'>ea</span> <span class='ocrx_word' id='word_1_24' title='bbox 1117 539 1212 580; x_wconf 89' lang='lat' dir='ltr'>causa</span> 
     </span>
     <span class='ocr_line' id='line_1_4' title="bbox 202 614 1211 703; baseline -0.008 -21"><span class='ocrx_word' id='word_1_25' title='bbox 202 634 280 699; x_wconf 90' lang='lat' dir='ltr'>quae</span> <span class='ocrx_word' id='word_1_26' title='bbox 305 617 398 703; x_wconf 80' lang='lat' dir='ltr'>[tum]</span> <span class='ocrx_word' id='word_1_27' title='bbox 419 631 529 697; x_wconf 85' lang='lat' dir='ltr'>agatur,</span> <span class='ocrx_word' id='word_1_28' title='bbox 554 617 724 678; x_wconf 88' lang='lat' dir='ltr'>effloruisse.</span> <span class='ocrx_word' id='word_1_29' title='bbox 776 618 878 679; x_wconf 89' lang='lat' dir='ltr'>Omne</span> <span class='ocrx_word' id='word_1_30' title='bbox 901 629 1003 676; x_wconf 87' lang='lat' dir='ltr'>autem</span> <span class='ocrx_word' id='word_1_31' title='bbox 1027 614 1211 693; x_wconf 88' lang='lat' dir='ltr'>principium</span> 
     </span>
     <span class='ocr_line' id='line_1_5' title="bbox 201 711 1212 794; baseline -0.007 -16"><span class='ocrx_word' id='word_1_32' title='bbox 201 729 253 778; x_wconf 91' lang='lat' dir='ltr'>aut</span> <span class='ocrx_word' id='word_1_33' title='bbox 273 716 316 778; x_wconf 93' lang='lat' dir='ltr'>rei</span> <span class='ocrx_word' id='word_1_34' title='bbox 336 716 438 791; x_wconf 88' lang='lat' dir='ltr'>totius,</span> <span class='ocrx_word' id='word_1_35' title='bbox 453 735 531 794; x_wconf 93' lang='lat' dir='ltr'>quae</span> <span class='ocrx_word' id='word_1_36' title='bbox 550 727 661 793; x_wconf 85' lang='lat' dir='ltr'>agetur,</span> <span class='ocrx_word' id='word_1_37' title='bbox 682 713 931 792; x_wconf 86' lang='lat' dir='ltr'>significationem</span> <span class='ocrx_word' id='word_1_38' title='bbox 952 714 1064 774; x_wconf 86' lang='lat' dir='ltr'>habere</span> <span class='ocrx_word' id='word_1_39' title='bbox 1084 711 1212 773; x_wconf 91' lang='lat' dir='ltr'>debebit</span> 
     </span>
     <span class='ocr_line' id='line_1_6' title="bbox 200 808 1240 885; baseline -0.006 -13"><span class='ocrx_word' id='word_1_40' title='bbox 200 823 253 872; x_wconf 88' lang='lat' dir='ltr'>aut</span> <span class='ocrx_word' id='word_1_41' title='bbox 273 812 389 872; x_wconf 91' lang='lat' dir='ltr'>aditum</span> <span class='ocrx_word' id='word_1_42' title='bbox 409 812 450 872; x_wconf 88' lang='lat' dir='ltr'>ad</span> <span class='ocrx_word' id='word_1_43' title='bbox 470 831 592 872; x_wconf 88' lang='lat' dir='ltr'>causam</span> <span class='ocrx_word' id='word_1_44' title='bbox 620 822 651 871; x_wconf 92' lang='lat' dir='ltr'>et</span> <span class='ocrx_word' id='word_1_45' title='bbox 675 809 945 871; x_wconf 89' lang='lat' dir='ltr'>communitionem</span> <span class='ocrx_word' id='word_1_46' title='bbox 972 820 1025 871; x_wconf 85' lang='lat' dir='ltr'>aut</span> <span class='ocrx_word' id='word_1_47' title='bbox 1053 808 1240 885; x_wconf 84' lang='lat' dir='ltr'>quoddam5</span> 
     </span>
     <span class='ocr_line' id='line_1_7' title="bbox 202 904 1211 986; baseline -0.004 -16"><span class='ocrx_word' id='word_1_48' title='bbox 202 921 411 970; x_wconf 89' lang='lat' dir='ltr'>ornamentum</span> <span class='ocrx_word' id='word_1_49' title='bbox 439 919 470 968; x_wconf 92' lang='lat' dir='ltr'>et</span> <span class='ocrx_word' id='word_1_50' title='bbox 496 907 692 986; x_wconf 81' lang='lat' dir='ltr'>dignitatem3</span> <span class='ocrx_word' id='word_1_51' title='bbox 727 908 781 968; x_wconf 92' lang='lat' dir='ltr'>sed</span> <span class='ocrx_word' id='word_1_52' title='bbox 809 917 935 986; x_wconf 83' lang='lat' dir='ltr'>oportet,</span> <span class='ocrx_word' id='word_1_53' title='bbox 965 917 999 967; x_wconf 92' lang='lat' dir='ltr'>ut</span> <span class='ocrx_word' id='word_1_54' title='bbox 1025 904 1152 966; x_wconf 91' lang='lat' dir='ltr'>aedibus</span> <span class='ocrx_word' id='word_1_55' title='bbox 1172 925 1211 966; x_wconf 90' lang='lat' dir='ltr'>ac</span> 
     </span>
     <span class='ocr_line' id='line_1_8' title="bbox 202 999 1211 1084; baseline -0.005 -17"><span class='ocrx_word' id='word_1_56' title='bbox 202 1006 321 1084; x_wconf 90' lang='lat' dir='ltr'>templis</span> <span class='ocrx_word' id='word_1_57' title='bbox 334 1005 483 1066; x_wconf 88' lang='lat' dir='ltr'>vestibula</span> <span class='ocrx_word' id='word_1_58' title='bbox 496 1016 527 1066; x_wconf 92' lang='lat' dir='ltr'>et</span> <span class='ocrx_word' id='word_1_59' title='bbox 540 1004 648 1078; x_wconf 90' lang='lat' dir='ltr'>aditus,</span> <span class='ocrx_word' id='word_1_60' title='bbox 664 1004 707 1065; x_wconf 91' lang='lat' dir='ltr'>sic</span> <span class='ocrx_word' id='word_1_61' title='bbox 724 1004 822 1064; x_wconf 87' lang='lat' dir='ltr'>causis</span> <span class='ocrx_word' id='word_1_62' title='bbox 841 1001 987 1082; x_wconf 91' lang='lat' dir='ltr'>principia</span> <span class='ocrx_word' id='word_1_63' title='bbox 1001 1022 1057 1081; x_wconf 91' lang='lat' dir='ltr'>pro</span> <span class='ocrx_word' id='word_1_64' title='bbox 1070 999 1211 1081; x_wconf 87' lang='lat' dir='ltr'>portione</span> 
     </span>
     <span class='ocr_line' id='line_1_9' title="bbox 202 1101 1213 1182; baseline -0.002 -18"><span class='ocrx_word' id='word_1_65' title='bbox 202 1119 300 1165; x_wconf 88' lang='lat' dir='ltr'>rerum</span> <span class='ocrx_word' id='word_1_66' title='bbox 324 1123 508 1182; x_wconf 89' lang='lat' dir='ltr'>praeponere</span> <span class='ocrx_word' id='word_1_67' title='bbox 520 1108 529 1178; x_wconf 84' lang='lat'>&#39;;</span> <span class='ocrx_word' id='word_1_68' title='bbox 557 1103 659 1180; x_wconf 89' lang='lat' dir='ltr'>itaque</span> <span class='ocrx_word' id='word_1_69' title='bbox 680 1103 711 1163; x_wconf 92' lang='lat' dir='ltr'>iu</span> <span class='ocrx_word' id='word_1_70' title='bbox 732 1102 829 1180; x_wconf 87' lang='lat' dir='ltr'>parvis</span> <span class='ocrx_word' id='word_1_71' title='bbox 857 1114 948 1180; x_wconf 90' lang='lat' dir='ltr'>atque</span> <span class='ocrx_word' id='word_1_72' title='bbox 970 1101 1213 1179; x_wconf 79' lang='lat' dir='ltr'>infrequentibus</span> 
     </span>
     <span class='ocr_line' id='line_1_10' title="bbox 140 1199 1210 1279; baseline -0.003 -17"><span class='ocrx_word' id='word_1_73' title='bbox 140 1219 186 1268; x_wconf 80' lang='lat'>321</span> <span class='ocrx_word' id='word_1_74' title='bbox 202 1201 300 1262; x_wconf 91' lang='lat' dir='ltr'>causis</span> <span class='ocrx_word' id='word_1_75' title='bbox 320 1202 359 1261; x_wconf 91' lang='lat' dir='ltr'>ab</span> <span class='ocrx_word' id='word_1_76' title='bbox 381 1200 446 1279; x_wconf 91' lang='lat' dir='ltr'>ipsa</span> <span class='ocrx_word' id='word_1_77' title='bbox 464 1221 495 1261; x_wconf 91' lang='lat' dir='ltr'>re</span> <span class='ocrx_word' id='word_1_78' title='bbox 512 1212 558 1261; x_wconf 93' lang='lat' dir='ltr'>est</span> <span class='ocrx_word' id='word_1_79' title='bbox 573 1199 701 1262; x_wconf 86' lang='lat' dir='ltr'>exordiri</span> <span class='ocrx_word' id='word_1_80' title='bbox 722 1220 811 1278; x_wconf 91' lang='lat' dir='ltr'>saepe</span> <span class='ocrx_word' id='word_1_81' title='bbox 832 1199 1022 1261; x_wconf 89' lang='lat' dir='ltr'>commodius</span> <span class='ocrx_word' id='word_1_82' title='bbox 1032 1220 1042 1274; x_wconf 80' lang='lat'>3</span> <span class='ocrx_word' id='word_1_83' title='bbox 1061 1200 1116 1260; x_wconf 92' lang='lat' dir='ltr'>sed</span> <span class='ocrx_word' id='word_1_84' title='bbox 1138 1218 1210 1259; x_wconf 90' lang='lat' dir='ltr'>cum</span> 
     </span>
     <span class='ocr_line' id='line_1_11' title="bbox 202 1296 1256 1378; baseline -0.003 -18"><span class='ocrx_word' id='word_1_85' title='bbox 202 1299 258 1360; x_wconf 88' lang='lat' dir='ltr'>erit</span> <span class='ocrx_word' id='word_1_86' title='bbox 282 1301 429 1360; x_wconf 91' lang='lat' dir='ltr'>utendum</span> <span class='ocrx_word' id='word_1_87' title='bbox 450 1297 606 1377; x_wconf 85' lang='lat' dir='ltr'>principio,</span> <span class='ocrx_word' id='word_1_88' title='bbox 630 1299 714 1378; x_wconf 91' lang='lat' dir='ltr'>quod</span> <span class='ocrx_word' id='word_1_89' title='bbox 734 1300 911 1376; x_wconf 91' lang='lat' dir='ltr'>plerumque</span> <span class='ocrx_word' id='word_1_90' title='bbox 935 1296 997 1370; x_wconf 84' lang='lat' dir='ltr'>erit,</span> <span class='ocrx_word' id='word_1_91' title='bbox 1021 1307 1074 1357; x_wconf 84' lang='lat' dir='ltr'>aut</span> <span class='ocrx_word' id='word_1_92' title='bbox 1095 1315 1134 1356; x_wconf 86' lang='lat' dir='ltr'>ex</span> <span class='ocrx_word' id='word_1_93' title='bbox 1156 1315 1211 1356; x_wconf 91' lang='lat' dir='ltr'>reo</span> <span class='ocrx_word' id='word_1_94' title='bbox 1225 1321 1256 1357; x_wconf 85' lang='lat' dir='ltr'>ro</span> 
     </span>
     <span class='ocr_line' id='line_1_12' title="bbox 201 1395 1208 1474; baseline -0.004 -17"><span class='ocrx_word' id='word_1_95' title='bbox 201 1409 254 1457; x_wconf 91' lang='lat' dir='ltr'>aut</span> <span class='ocrx_word' id='word_1_96' title='bbox 270 1418 307 1457; x_wconf 86' lang='lat' dir='ltr'>ex</span> <span class='ocrx_word' id='word_1_97' title='bbox 325 1395 494 1456; x_wconf 83' lang='lat' dir='ltr'>adversario</span> <span class='ocrx_word' id='word_1_98' title='bbox 515 1407 569 1456; x_wconf 88' lang='lat' dir='ltr'>aut</span> <span class='ocrx_word' id='word_1_99' title='bbox 586 1416 624 1457; x_wconf 86' lang='lat' dir='ltr'>ex</span> <span class='ocrx_word' id='word_1_100' title='bbox 643 1416 675 1458; x_wconf 88' lang='lat' dir='ltr'>re</span> <span class='ocrx_word' id='word_1_101' title='bbox 695 1408 747 1457; x_wconf 88' lang='lat' dir='ltr'>aut</span> <span class='ocrx_word' id='word_1_102' title='bbox 768 1416 805 1457; x_wconf 87' lang='lat' dir='ltr'>ex</span> <span class='ocrx_word' id='word_1_103' title='bbox 822 1395 873 1468; x_wconf 92' lang='lat' dir='ltr'>eis,</span> <span class='ocrx_word' id='word_1_104' title='bbox 894 1396 977 1474; x_wconf 89' lang='lat' dir='ltr'>apud</span> <span class='ocrx_word' id='word_1_105' title='bbox 997 1413 1074 1474; x_wconf 94' lang='lat' dir='ltr'>quos</span> <span class='ocrx_word' id='word_1_106' title='bbox 1094 1404 1208 1471; x_wconf 87' lang='lat' dir='ltr'>agetur,</span> 
     </span>
     <span class='ocr_line' id='line_1_13' title="bbox 201 1491 1213 1572; baseline -0.004 -18"><span class='ocrx_word' id='word_1_107' title='bbox 201 1493 364 1554; x_wconf 91' lang='lat' dir='ltr'>sententias</span> <span class='ocrx_word' id='word_1_108' title='bbox 381 1492 455 1555; x_wconf 88' lang='lat' dir='ltr'>duci</span> <span class='ocrx_word' id='word_1_109' title='bbox 475 1491 584 1552; x_wconf 78' lang='lat' dir='ltr'>licebit</span> <span class='ocrx_word' id='word_1_110' title='bbox 629 1494 676 1552; x_wconf 89' lang='lat' dir='ltr'>Ex</span> <span class='ocrx_word' id='word_1_111' title='bbox 687 1511 740 1553; x_wconf 90' lang='lat' dir='ltr'>reo</span> <span class='ocrx_word' id='word_1_112' title='bbox 762 1492 841 1572; x_wconf 92' lang='lat' dir='ltr'>(reos</span> <span class='ocrx_word' id='word_1_113' title='bbox 861 1493 988 1571; x_wconf 87' lang='lat' dir='ltr'>appello,</span> <span class='ocrx_word' id='word_1_114' title='bbox 1011 1511 1141 1569; x_wconf 91' lang='lat' dir='ltr'>quorum</span> <span class='ocrx_word' id='word_1_115' title='bbox 1161 1511 1213 1551; x_wconf 92' lang='lat' dir='ltr'>res</span> 
     </span>
     <span class='ocr_line' id='line_1_14' title="bbox 201 1588 1209 1670; baseline -0.002 -19"><span class='ocrx_word' id='word_1_116' title='bbox 201 1590 268 1670; x_wconf 90' lang='lat' dir='ltr'>est),</span> <span class='ocrx_word' id='word_1_117' title='bbox 291 1610 369 1669; x_wconf 89' lang='lat' dir='ltr'>quae</span> <span class='ocrx_word' id='word_1_118' title='bbox 391 1588 559 1668; x_wconf 79' lang='lat' dir='ltr'>significent</span> <span class='ocrx_word' id='word_1_119' title='bbox 581 1589 697 1649; x_wconf 92' lang='lat' dir='ltr'>bonum</span> <span class='ocrx_word' id='word_1_120' title='bbox 716 1589 821 1663; x_wconf 85' lang='lat' dir='ltr'>virum,</span> <span class='ocrx_word' id='word_1_121' title='bbox 844 1609 922 1667; x_wconf 88' lang='lat' dir='ltr'>quae</span> <span class='ocrx_word' id='word_1_122' title='bbox 944 1588 1106 1660; x_wconf 88' lang='lat' dir='ltr'>liberalem,</span> <span class='ocrx_word' id='word_1_123' title='bbox 1129 1608 1209 1665; x_wconf 88' lang='lat' dir='ltr'>quae</span> 
     </span>
     <span class='ocr_line' id='line_1_15' title="bbox 201 1685 1209 1765; baseline -0.003 -17"><span class='ocrx_word' id='word_1_124' title='bbox 201 1688 416 1762; x_wconf 89' lang='lat' dir='ltr'>calamitosum,</span> <span class='ocrx_word' id='word_1_125' title='bbox 429 1707 506 1765; x_wconf 89' lang='lat' dir='ltr'>quae</span> <span class='ocrx_word' id='word_1_126' title='bbox 515 1685 720 1747; x_wconf 91' lang='lat' dir='ltr'>misericordia</span> <span class='ocrx_word' id='word_1_127' title='bbox 733 1686 867 1764; x_wconf 86' lang='lat' dir='ltr'>dignum,</span> <span class='ocrx_word' id='word_1_128' title='bbox 883 1706 961 1763; x_wconf 91' lang='lat' dir='ltr'>quae</span> <span class='ocrx_word' id='word_1_129' title='bbox 971 1688 1089 1746; x_wconf 88' lang='lat' dir='ltr'>valeant</span> <span class='ocrx_word' id='word_1_130' title='bbox 1103 1696 1209 1746; x_wconf 89' lang='lat' dir='ltr'>contra</span> 
     </span>
     <span class='ocr_line' id='line_1_16' title="bbox 202 1780 1253 1856; baseline -0.003 -11"><span class='ocrx_word' id='word_1_131' title='bbox 202 1787 307 1845; x_wconf 82' lang='lat' dir='ltr'>salsam</span> <span class='ocrx_word' id='word_1_132' title='bbox 329 1782 592 1856; x_wconf 66' lang='lat' dir='ltr'>criminationem}</span> <span class='ocrx_word' id='word_1_133' title='bbox 610 1802 648 1842; x_wconf 86' lang='lat' dir='ltr'>ex</span> <span class='ocrx_word' id='word_1_134' title='bbox 667 1783 837 1843; x_wconf 85' lang='lat' dir='ltr'>adversario</span> <span class='ocrx_word' id='word_1_135' title='bbox 858 1782 972 1843; x_wconf 91' lang='lat' dir='ltr'>eisdem</span> <span class='ocrx_word' id='word_1_136' title='bbox 994 1802 1031 1843; x_wconf 93' lang='lat' dir='ltr'>ex</span> <span class='ocrx_word' id='word_1_137' title='bbox 1051 1780 1125 1843; x_wconf 92' lang='lat' dir='ltr'>locis</span> <span class='ocrx_word' id='word_1_138' title='bbox 1145 1784 1208 1843; x_wconf 85' lang='lat' dir='ltr'>fere</span> <span class='ocrx_word' id='word_1_139' title='bbox 1224 1806 1253 1856; x_wconf 84' lang='lat'>¹5</span> 
     </span>
     <span class='ocr_line' id='line_1_17' title="bbox 139 1878 1207 1958; baseline -0.007 -12"><span class='ocrx_word' id='word_1_140' title='bbox 139 1900 186 1946; x_wconf 78' lang='lat'>322</span> <span class='ocrx_word' id='word_1_141' title='bbox 202 1881 348 1942; x_wconf 87' lang='lat' dir='ltr'>contraria</span> <span class='ocrx_word' id='word_1_142' title='bbox 359 1903 369 1954; x_wconf 90' lang='lat'>;</span> <span class='ocrx_word' id='word_1_143' title='bbox 389 1901 478 1954; x_wconf 85' lang='lat' dir='ltr'>exre,</span> <span class='ocrx_word' id='word_1_144' title='bbox 491 1879 516 1939; x_wconf 93' lang='lat' dir='ltr'>si</span> <span class='ocrx_word' id='word_1_145' title='bbox 525 1878 661 1953; x_wconf 92' lang='lat' dir='ltr'>crudelis,</span> <span class='ocrx_word' id='word_1_146' title='bbox 674 1880 699 1939; x_wconf 95' lang='lat' dir='ltr'>si</span> <span class='ocrx_word' id='word_1_147' title='bbox 710 1882 850 1952; x_wconf 79' lang='lat' dir='ltr'>nefanda,</span> <span class='ocrx_word' id='word_1_148' title='bbox 865 1879 889 1939; x_wconf 91' lang='lat' dir='ltr'>si</span> <span class='ocrx_word' id='word_1_149' title='bbox 898 1890 1014 1958; x_wconf 92' lang='lat' dir='ltr'>praeter</span> <span class='ocrx_word' id='word_1_150' title='bbox 1022 1878 1207 1957; x_wconf 89' lang='lat' dir='ltr'>opinionem,</span> 
     </span>
     <span class='ocr_line' id='line_1_18' title="bbox 202 1979 1213 2059; baseline 0 -17"><span class='ocrx_word' id='word_1_151' title='bbox 202 1982 227 2042; x_wconf 92' lang='lat' dir='ltr'>si</span> <span class='ocrx_word' id='word_1_152' title='bbox 241 1981 402 2056; x_wconf 91' lang='lat' dir='ltr'>immerito,</span> <span class='ocrx_word' id='word_1_153' title='bbox 415 1980 441 2040; x_wconf 94' lang='lat' dir='ltr'>si</span> <span class='ocrx_word' id='word_1_154' title='bbox 455 1981 572 2054; x_wconf 86' lang='lat' dir='ltr'>misera,-</span> <span class='ocrx_word' id='word_1_155' title='bbox 586 1980 612 2041; x_wconf 92' lang='lat' dir='ltr'>si</span> <span class='ocrx_word' id='word_1_156' title='bbox 624 1980 745 2058; x_wconf 76' lang='lat' dir='ltr'>ingrata,</span> <span class='ocrx_word' id='word_1_157' title='bbox 762 1981 787 2041; x_wconf 91' lang='lat' dir='ltr'>si</span> <span class='ocrx_word' id='word_1_158' title='bbox 801 1980 931 2059; x_wconf 86' lang='lat' dir='ltr'>indigna,</span> <span class='ocrx_word' id='word_1_159' title='bbox 949 1979 976 2040; x_wconf 54' lang='lat' dir='ltr'>si¹</span> <span class='ocrx_word' id='word_1_160' title='bbox 988 1999 1075 2054; x_wconf 92' lang='lat' dir='ltr'>nova,</span> <span class='ocrx_word' id='word_1_161' title='bbox 1090 1982 1115 2040; x_wconf 92' lang='lat' dir='ltr'>si</span> <span class='ocrx_word' id='word_1_162' title='bbox 1130 1998 1213 2058; x_wconf 89' lang='lat' dir='ltr'>quae·</span> 
     </span>
     <span class='ocr_line' id='line_1_19' title="bbox 201 2077 1208 2157; baseline -0.003 -17"><span class='ocrx_word' id='word_1_163' title='bbox 201 2079 316 2140; x_wconf 90' lang='lat' dir='ltr'>restitui</span> <span class='ocrx_word' id='word_1_164' title='bbox 344 2078 501 2155; x_wconf 87' lang='lat' dir='ltr'>sanarique</span> <span class='ocrx_word' id='word_1_165' title='bbox 521 2098 584 2139; x_wconf 91' lang='lat' dir='ltr'>non</span> <span class='ocrx_word' id='word_1_166' title='bbox 605 2078 699 2157; x_wconf 88' lang='lat' dir='ltr'>possit</span> <span class='ocrx_word' id='word_1_167' title='bbox 711 2100 719 2153; x_wconf 91' lang='lat'>;</span> <span class='ocrx_word' id='word_1_168' title='bbox 754 2099 791 2139; x_wconf 86' lang='lat' dir='ltr'>ex</span> <span class='ocrx_word' id='word_1_169' title='bbox 818 2077 861 2138; x_wconf 93' lang='lat' dir='ltr'>eis</span> <span class='ocrx_word' id='word_1_170' title='bbox 888 2089 998 2151; x_wconf 85' lang='lat' dir='ltr'>autem,</span> <span class='ocrx_word' id='word_1_171' title='bbox 1021 2079 1102 2154; x_wconf 89' lang='lat' dir='ltr'>apud</span> <span class='ocrx_word' id='word_1_172' title='bbox 1131 2097 1208 2154; x_wconf 93' lang='lat' dir='ltr'>quos</span> 
     </span>
     <span class='ocr_line' id='line_1_20' title="bbox 201 2176 1208 2257; baseline 0 -19"><span class='ocrx_word' id='word_1_173' title='bbox 201 2188 313 2257; x_wconf 88' lang='lat' dir='ltr'>agetur,</span> <span class='ocrx_word' id='word_1_174' title='bbox 329 2189 363 2238; x_wconf 93' lang='lat' dir='ltr'>ut</span> <span class='ocrx_word' id='word_1_175' title='bbox 377 2178 539 2238; x_wconf 90' lang='lat' dir='ltr'>benevolos</span> <span class='ocrx_word' id='word_1_176' title='bbox 560 2178 700 2256; x_wconf 87' lang='lat' dir='ltr'>beneque</span> <span class='ocrx_word' id='word_1_177' title='bbox 720 2176 915 2239; x_wconf 88' lang='lat' dir='ltr'>existimantis</span> <span class='ocrx_word' id='word_1_178' title='bbox 935 2176 1107 2250; x_wconf 88' lang='lat' dir='ltr'>efficiamus,</span> <span class='ocrx_word' id='word_1_179' title='bbox 1123 2179 1208 2255; x_wconf 93' lang='lat' dir='ltr'>quod</span> 
     </span>
     <span class='ocr_line' id='line_1_21' title="bbox 202 2273 1257 2354; baseline -0.006 -18"><span class='ocrx_word' id='word_1_180' title='bbox 202 2276 320 2352; x_wconf 84' lang='lat' dir='ltr'>agendo</span> <span class='ocrx_word' id='word_1_181' title='bbox 340 2274 466 2335; x_wconf 90' lang='lat' dir='ltr'>efficitur</span> <span class='ocrx_word' id='word_1_182' title='bbox 486 2274 593 2335; x_wconf 92' lang='lat' dir='ltr'>melius</span> <span class='ocrx_word' id='word_1_183' title='bbox 611 2295 703 2354; x_wconf 91' lang='lat' dir='ltr'>quam</span> <span class='ocrx_word' id='word_1_184' title='bbox 722 2277 863 2354; x_wconf 88' lang='lat' dir='ltr'>rogando.</span> <span class='ocrx_word' id='word_1_185' title='bbox 908 2277 963 2335; x_wconf 88' lang='lat' dir='ltr'>Est</span> <span class='ocrx_word' id='word_1_186' title='bbox 983 2274 1015 2335; x_wconf 94' lang='lat' dir='ltr'>id</span> <span class='ocrx_word' id='word_1_187' title='bbox 1037 2274 1160 2352; x_wconf 92' lang='lat' dir='ltr'>quidem</span> <span class='ocrx_word' id='word_1_188' title='bbox 1176 2273 1208 2334; x_wconf 93' lang='lat' dir='ltr'>in</span> <span class='ocrx_word' id='word_1_189' title='bbox 1223 2295 1257 2330; x_wconf 61' lang='grc' dir='ltr'>ιο</span> 
     </span>
     <span class='ocr_line' id='line_1_22' title="bbox 203 2371 1209 2446; baseline -0.002 -13"><span class='ocrx_word' id='word_1_190' title='bbox 203 2385 296 2434; x_wconf 89' lang='lat' dir='ltr'>totam</span> <span class='ocrx_word' id='word_1_191' title='bbox 311 2372 477 2435; x_wconf 89' lang='lat' dir='ltr'>orationem</span> <span class='ocrx_word' id='word_1_192' title='bbox 494 2375 743 2434; x_wconf 85' lang='lat' dir='ltr'>confundendum</span> <span class='ocrx_word' id='word_1_193' title='bbox 765 2393 821 2434; x_wconf 92' lang='lat' dir='ltr'>nec</span> <span class='ocrx_word' id='word_1_194' title='bbox 843 2372 967 2433; x_wconf 91' lang='lat' dir='ltr'>minime</span> <span class='ocrx_word' id='word_1_195' title='bbox 980 2371 1012 2432; x_wconf 91' lang='lat' dir='ltr'>in</span> <span class='ocrx_word' id='word_1_196' title='bbox 1026 2384 1209 2446; x_wconf 87' lang='lat' dir='ltr'>extremam;</span> 
     </span>
     <span class='ocr_line' id='line_1_23' title="bbox 139 2467 1216 2549; baseline -0.003 -18"><span class='ocrx_word' id='word_1_197' title='bbox 139 2489 189 2539; x_wconf 77' lang='lat'>3²3</span> <span class='ocrx_word' id='word_1_198' title='bbox 203 2473 257 2532; x_wconf 90' lang='lat' dir='ltr'>sed</span> <span class='ocrx_word' id='word_1_199' title='bbox 275 2482 377 2531; x_wconf 90' lang='lat' dir='ltr'>tamen</span> <span class='ocrx_word' id='word_1_200' title='bbox 395 2472 489 2530; x_wconf 86' lang='lat' dir='ltr'>multa</span> <span class='ocrx_word' id='word_1_201' title='bbox 506 2469 652 2549; x_wconf 87' lang='lat' dir='ltr'>principia</span> <span class='ocrx_word' id='word_1_202' title='bbox 671 2490 708 2531; x_wconf 87' lang='lat' dir='ltr'>ex</span> <span class='ocrx_word' id='word_1_203' title='bbox 728 2490 766 2531; x_wconf 94' lang='lat' dir='ltr'>eo</span> <span class='ocrx_word' id='word_1_204' title='bbox 786 2491 894 2548; x_wconf 86' lang='lat' dir='ltr'>genere</span> <span class='ocrx_word' id='word_1_205' title='bbox 914 2470 1082 2549; x_wconf 85' lang='lat' dir='ltr'>gignuntur.</span> <span class='ocrx_word' id='word_1_206' title='bbox 1127 2467 1216 2529; x_wconf 80' lang='lat' dir='ltr'>Nam</span> 
     </span>
     <span class='ocr_line' id='line_1_24' title="bbox 202 2567 1208 2647; baseline -0.002 -18"><span class='ocrx_word' id='word_1_207' title='bbox 202 2580 232 2629; x_wconf 94' lang='lat' dir='ltr'>et</span> <span class='ocrx_word' id='word_1_208' title='bbox 252 2579 400 2630; x_wconf 88' lang='lat' dir='ltr'>attentum</span> <span class='ocrx_word' id='word_1_209' title='bbox 421 2580 547 2629; x_wconf 89' lang='lat' dir='ltr'>monent</span> <span class='ocrx_word' id='word_1_210' title='bbox 567 2568 675 2630; x_wconf 89' lang='lat' dir='ltr'>Graeci</span> <span class='ocrx_word' id='word_1_211' title='bbox 693 2580 727 2629; x_wconf 92' lang='lat' dir='ltr'>ut</span> <span class='ocrx_word' id='word_1_212' title='bbox 744 2568 891 2647; x_wconf 91' lang='lat' dir='ltr'>principio</span> <span class='ocrx_word' id='word_1_213' title='bbox 911 2568 1054 2629; x_wconf 85' lang='lat' dir='ltr'>faciamus</span> <span class='ocrx_word' id='word_1_214' title='bbox 1076 2567 1208 2628; x_wconf 90' lang='lat' dir='ltr'>iudicem</span> 
     </span>
     <span class='ocr_line' id='line_1_25' title="bbox 201 2664 1208 2744; baseline -0.004 -17"><span class='ocrx_word' id='word_1_215' title='bbox 201 2679 231 2728; x_wconf 88' lang='lat' dir='ltr'>et</span> <span class='ocrx_word' id='word_1_216' title='bbox 266 2665 395 2726; x_wconf 89' lang='lat' dir='ltr'>docilem</span> <span class='ocrx_word' id='word_1_217' title='bbox 407 2687 416 2740; x_wconf 89' lang='lat'>;</span> <span class='ocrx_word' id='word_1_218' title='bbox 449 2686 528 2744; x_wconf 90' lang='lat' dir='ltr'>quae</span> <span class='ocrx_word' id='word_1_219' title='bbox 558 2679 628 2726; x_wconf 89' lang='lat' dir='ltr'>sunt</span> <span class='ocrx_word' id='word_1_220' title='bbox 659 2666 753 2741; x_wconf 85' lang='lat' dir='ltr'>utilia,</span> <span class='ocrx_word' id='word_1_221' title='bbox 781 2668 835 2727; x_wconf 92' lang='lat' dir='ltr'>sed</span> <span class='ocrx_word' id='word_1_222' title='bbox 864 2686 926 2726; x_wconf 92' lang='lat' dir='ltr'>non</span> <span class='ocrx_word' id='word_1_223' title='bbox 955 2664 1082 2744; x_wconf 88' lang='lat' dir='ltr'>principi</span> <span class='ocrx_word' id='word_1_224' title='bbox 1113 2664 1208 2743; x_wconf 88' lang='lat' dir='ltr'>magis</span> 
     </span>
     <span class='ocr_line' id='line_1_26' title="bbox 201 2762 1256 2844; baseline -0.004 -21"><span class='ocrx_word' id='word_1_225' title='bbox 201 2765 320 2844; x_wconf 88' lang='lat' dir='ltr'>propria</span> <span class='ocrx_word' id='word_1_226' title='bbox 341 2784 432 2842; x_wconf 92' lang='lat' dir='ltr'>quam</span> <span class='ocrx_word' id='word_1_227' title='bbox 453 2763 633 2842; x_wconf 90' lang='lat' dir='ltr'>reliquarum</span> <span class='ocrx_word' id='word_1_228' title='bbox 653 2764 802 2842; x_wconf 70' lang='lat' dir='ltr'>partium,</span> <span class='ocrx_word' id='word_1_229' title='bbox 823 2762 954 2824; x_wconf 85' lang='lat' dir='ltr'>faciliora</span> <span class='ocrx_word' id='word_1_230' title='bbox 970 2763 1061 2824; x_wconf 89' lang='lat' dir='ltr'>etiarn</span> <span class='ocrx_word' id='word_1_231' title='bbox 1080 2762 1112 2823; x_wconf 93' lang='lat' dir='ltr'>in</span> <span class='ocrx_word' id='word_1_232' title='bbox 1130 2762 1209 2841; x_wconf 90' lang='lat' dir='ltr'>prin·</span> <span class='ocrx_word' id='word_1_233' title='bbox 1225 2782 1256 2832; x_wconf 78' lang='lat'>²5</span> 
     </span>
     <span class='ocr_line' id='line_1_27' title="bbox 202 2859 1210 2940; baseline -0.002 -18"><span class='ocrx_word' id='word_1_234' title='bbox 202 2861 296 2939; x_wconf 91' lang='lat' dir='ltr'>cipiis‚</span> <span class='ocrx_word' id='word_1_235' title='bbox 312 2864 394 2940; x_wconf 92' lang='lat' dir='ltr'>quod</span> <span class='ocrx_word' id='word_1_236' title='bbox 412 2873 443 2923; x_wconf 92' lang='lat' dir='ltr'>et</span> <span class='ocrx_word' id='word_1_237' title='bbox 460 2860 567 2923; x_wconf 87' lang='lat' dir='ltr'>attenti</span> <span class='ocrx_word' id='word_1_238' title='bbox 581 2873 646 2922; x_wconf 90' lang='lat' dir='ltr'>tum</span> <span class='ocrx_word' id='word_1_239' title='bbox 661 2861 789 2922; x_wconf 86' lang='lat' dir='ltr'>maxime</span> <span class='ocrx_word' id='word_1_240' title='bbox 804 2872 883 2936; x_wconf 90' lang='lat' dir='ltr'>sunt,</span> <span class='ocrx_word' id='word_1_241' title='bbox 897 2881 967 2921; x_wconf 92' lang='lat' dir='ltr'>cum</span> <span class='ocrx_word' id='word_1_242' title='bbox 986 2859 1089 2921; x_wconf 90' lang='lat' dir='ltr'>omnia</span> <span class='ocrx_word' id='word_1_243' title='bbox 1107 2879 1210 2937; x_wconf 76' lang='lat' dir='ltr'>exspe</span> 
     </span>
     <span class='ocr_line' id='line_1_28' title="bbox 201 2956 1209 3038; baseline -0.006 -16"><span class='ocrx_word' id='word_1_244' title='bbox 201 2971 292 3033; x_wconf 84' lang='lat' dir='ltr'>etant,</span> <span class='ocrx_word' id='word_1_245' title='bbox 313 2973 343 3021; x_wconf 90' lang='lat' dir='ltr'>et</span> <span class='ocrx_word' id='word_1_246' title='bbox 364 2959 478 3020; x_wconf 90' lang='lat' dir='ltr'>dociles</span> <span class='ocrx_word' id='word_1_247' title='bbox 503 2959 597 3038; x_wconf 85' lang='lat' dir='ltr'>magis</span> <span class='ocrx_word' id='word_1_248' title='bbox 622 2961 654 3019; x_wconf 83' lang='lat' dir='ltr'>in</span> <span class='ocrx_word' id='word_1_249' title='bbox 678 2958 768 3019; x_wconf 88' lang='lat' dir='ltr'>initiis</span> <span class='ocrx_word' id='word_1_250' title='bbox 791 2979 856 3019; x_wconf 92' lang='lat' dir='ltr'>esse</span> <span class='ocrx_word' id='word_1_251' title='bbox 874 2969 1001 3036; x_wconf 91' lang='lat' dir='ltr'>possunt</span> <span class='ocrx_word' id='word_1_252' title='bbox 1011 2979 1020 3032; x_wconf 88' lang='lat'>;</span> <span class='ocrx_word' id='word_1_253' title='bbox 1040 2956 1209 3018; x_wconf 88' lang='lat' dir='ltr'>inlustriora</span> 
     </span>
     <span class='ocr_line' id='line_1_29' title="bbox 202 3053 1209 3136; baseline -0.005 -17"><span class='ocrx_word' id='word_1_254' title='bbox 202 3059 283 3120; x_wconf 92' lang='lat' dir='ltr'>enim</span> <span class='ocrx_word' id='word_1_255' title='bbox 298 3070 376 3132; x_wconf 91' lang='lat' dir='ltr'>sunt,</span> <span class='ocrx_word' id='word_1_256' title='bbox 392 3078 470 3136; x_wconf 91' lang='lat' dir='ltr'>quae</span> <span class='ocrx_word' id='word_1_257' title='bbox 492 3057 524 3118; x_wconf 93' lang='lat' dir='ltr'>in</span> <span class='ocrx_word' id='word_1_258' title='bbox 545 3056 697 3135; x_wconf 91' lang='lat' dir='ltr'>principiis</span> <span class='ocrx_word' id='word_1_259' title='bbox 719 3076 809 3134; x_wconf 92' lang='lat' dir='ltr'>quam</span> <span class='ocrx_word' id='word_1_260' title='bbox 831 3075 908 3133; x_wconf 89' lang='lat' dir='ltr'>quae</span> <span class='ocrx_word' id='word_1_261' title='bbox 929 3055 961 3115; x_wconf 94' lang='lat' dir='ltr'>in</span> <span class='ocrx_word' id='word_1_262' title='bbox 982 3055 1089 3117; x_wconf 91' lang='lat' dir='ltr'>mediis</span> <span class='ocrx_word' id='word_1_263' title='bbox 1111 3053 1209 3115; x_wconf 81' lang='lat' dir='ltr'>causis</span> 
     </span>
    </p>
   </div>
   <div class='ocr_carea' id='block_1_3' title="bbox 146 581 189 646">
    <p class='ocr_par' dir='ltr' id='par_1_3' title="bbox 146 581 189 646">
     <span class='ocr_line' id='line_1_30' title="bbox 146 581 189 646; baseline -0.093 0"><span class='ocrx_word' id='word_1_264' title='bbox 146 581 189 646; x_wconf 77' lang='lat'>79</span> 
     </span>
    </p>
   </div>
   <div class='ocr_carea' id='block_1_4' title="bbox 141 672 188 718">
    <p class='ocr_par' dir='ltr' id='par_1_4' title="bbox 141 672 188 718">
     <span class='ocr_line' id='line_1_31' title="bbox 141 672 188 718; baseline 0.021 -12"><span class='ocrx_word' id='word_1_265' title='bbox 141 672 188 718; x_wconf 79' lang='lat'>3²0</span> 
     </span>
    </p>
   </div>
   <div class='ocr_carea' id='block_1_5' title="bbox 204 3210 1276 3535">
    <p class='ocr_par' dir='ltr' id='par_1_5' title="bbox 204 3210 1276 3535">
     <span class='ocr_line' id='line_1_32' title="bbox 237 3210 1209 3276; baseline -0.001 -15"><span class='ocrx_word' id='word_1_266' title='bbox 237 3213 269 3261; x_wconf 97' lang='lat' dir='ltr'><em>M</em></span> <span class='ocrx_word' id='word_1_267' title='bbox 280 3238 300 3255; x_wconf 89' lang='lat'>=</span> <span class='ocrx_word' id='word_1_268' title='bbox 313 3212 396 3262; x_wconf 84' lang='lat' dir='ltr'>AEH</span> <span class='ocrx_word' id='word_1_269' title='bbox 495 3229 506 3263; x_wconf 87' lang='lat' dir='ltr'>r</span> <span class='ocrx_word' id='word_1_270' title='bbox 526 3214 677 3276; x_wconf 87' lang='lat' dir='ltr'>deprompta</span> <span class='ocrx_word' id='word_1_271' title='bbox 689 3210 723 3260; x_wconf 90' lang='lat' dir='ltr'><em>M</em></span> <span class='ocrx_word' id='word_1_272' title='bbox 728 3229 735 3261; x_wconf 70' lang='grc' dir='ltr'><strong>ι</strong></span> <span class='ocrx_word' id='word_1_273' title='bbox 752 3213 920 3274; x_wconf 86' lang='lat' dir='ltr'>depromptae</span> <span class='ocrx_word' id='word_1_274' title='bbox 928 3211 997 3275; x_wconf 84' lang='lat' dir='ltr'><em>vulg.</em></span> <span class='ocrx_word' id='word_1_275' title='bbox 1109 3226 1125 3272; x_wconf 86' lang='lat'><strong>3</strong></span> <span class='ocrx_word' id='word_1_276' title='bbox 1141 3226 1209 3272; x_wconf 87' lang='lat' dir='ltr'>quae</span> 
     </span>
     <span class='ocr_line' id='line_1_33' title="bbox 206 3275 1210 3344; baseline -0.004 -16"><span class='ocrx_word' id='word_1_277' title='bbox 206 3288 259 3329; x_wconf 91' lang='lat' dir='ltr'>tum</span> <span class='ocrx_word' id='word_1_278' title='bbox 273 3278 394 3341; x_wconf 79' lang='lat' dir='ltr'>agaturl.</span> <span class='ocrx_word' id='word_1_279' title='bbox 405 3279 472 3344; x_wconf 82' lang='lat' dir='ltr'><em>vulg.</em></span> <span class='ocrx_word' id='word_1_280' title='bbox 483 3296 488 3329; x_wconf 94' lang='lat'><strong>:</strong></span> <span class='ocrx_word' id='word_1_281' title='bbox 507 3279 639 3340; x_wconf 87' lang='lat' dir='ltr'>quaeritur</span> <span class='ocrx_word' id='word_1_282' title='bbox 650 3276 693 3326; x_wconf 94' lang='lat' dir='ltr'>M:</span> <span class='ocrx_word' id='word_1_283' title='bbox 712 3293 888 3339; x_wconf 87' lang='lat' dir='ltr'>quaecumque</span> <span class='ocrx_word' id='word_1_284' title='bbox 905 3278 991 3338; x_wconf 85' lang='lat' dir='ltr'>agitur</span> <span class='ocrx_word' id='word_1_285' title='bbox 999 3275 1123 3325; x_wconf 76' lang='lat' dir='ltr'>Fn‘edrr&#39;ch</span> <span class='ocrx_word' id='word_1_286' title='bbox 1182 3285 1210 3325; x_wconf 84' lang='lat' dir='ltr'>et</span> 
     </span>
     <span class='ocr_line' id='line_1_34' title="bbox 204 3341 1208 3405; baseline -0.004 -12"><span class='ocrx_word' id='word_1_287' title='bbox 204 3346 320 3394; x_wconf 86' lang='lat' dir='ltr'>floruisse</span> <span class='ocrx_word' id='word_1_288' title='bbox 337 3343 370 3391; x_wconf 91' lang='lat' dir='ltr'><em>M</em></span> <span class='ocrx_word' id='word_1_289' title='bbox 493 3358 508 3405; x_wconf 91' lang='lat'>5</span> <span class='ocrx_word' id='word_1_290' title='bbox 526 3343 751 3392; x_wconf 86' lang='lat' dir='ltr'>communitionem</span> <span class='ocrx_word' id='word_1_291' title='bbox 764 3357 817 3390; x_wconf 71' lang='lat' dir='ltr'>rect.</span> <span class='ocrx_word' id='word_1_292' title='bbox 831 3358 838 3389; x_wconf 79' lang='lat' dir='ltr'>t</span> <span class='ocrx_word' id='word_1_293' title='bbox 854 3343 887 3391; x_wconf 85' lang='lat' dir='ltr'>ad</span> <span class='ocrx_word' id='word_1_294' title='bbox 900 3343 1074 3392; x_wconf 83' lang='lat' dir='ltr'>comutatione</span> <span class='ocrx_word' id='word_1_295' title='bbox 1092 3341 1136 3389; x_wconf 90' lang='lat' dir='ltr'>M:</span> <span class='ocrx_word' id='word_1_296' title='bbox 1155 3357 1208 3389; x_wconf 91' lang='lat' dir='ltr'>mu-</span> 
     </span>
     <span class='ocr_line' id='line_1_35' title="bbox 205 3406 1276 3473; baseline -0.007 -15"><span class='ocrx_word' id='word_1_297' title='bbox 205 3411 328 3459; x_wconf 87' lang='lat' dir='ltr'>nitionem</span> <span class='ocrx_word' id='word_1_298' title='bbox 339 3409 362 3456; x_wconf 91' lang='lat' dir='ltr'><em>L</em></span> <span class='ocrx_word' id='word_1_299' title='bbox 375 3411 442 3473; x_wconf 83' lang='lat' dir='ltr'><em>vulg.</em></span> <span class='ocrx_word' id='word_1_300' title='bbox 545 3423 573 3456; x_wconf 88' lang='lat'>11</span> <span class='ocrx_word' id='word_1_301' title='bbox 593 3416 685 3468; x_wconf 80' lang='lat' dir='ltr'>agetur</span> <span class='ocrx_word' id='word_1_302' title='bbox 695 3407 780 3457; x_wconf 73' lang='lat' dir='ltr'>codd:</span> <span class='ocrx_word' id='word_1_303' title='bbox 800 3407 885 3468; x_wconf 81' lang='lat' dir='ltr'>agitur</span> <span class='ocrx_word' id='word_1_304' title='bbox 895 3406 1015 3456; x_wconf 75' lang='lat' dir='ltr'>Fn&#39;edn&#39;rh</span> <span class='ocrx_word' id='word_1_305' title='bbox 1118 3422 1148 3455; x_wconf 78' lang='lat'>12</span> <span class='ocrx_word' id='word_1_306' title='bbox 1165 3408 1208 3455; x_wconf 87' lang='lat' dir='ltr'>de·</span> <span class='ocrx_word' id='word_1_307' title='bbox 1273 3444 1276 3450; x_wconf 93' lang='lat'><strong>.</strong></span> 
     </span>
     <span class='ocr_line' id='line_1_36' title="bbox 205 3469 1209 3535; baseline -0.005 -12"><span class='ocrx_word' id='word_1_308' title='bbox 205 3476 272 3524; x_wconf 88' lang='lat' dir='ltr'>cebit</span> <span class='ocrx_word' id='word_1_309' title='bbox 289 3473 312 3522; x_wconf 91' lang='lat' dir='ltr'><em>L</em></span> <span class='ocrx_word' id='word_1_310' title='bbox 415 3489 444 3535; x_wconf 83' lang='lat'>15</span> <span class='ocrx_word' id='word_1_311' title='bbox 462 3474 665 3523; x_wconf 85' lang='lat' dir='ltr'>adversariorum</span> <span class='ocrx_word' id='word_1_312' title='bbox 682 3470 715 3518; x_wconf 87' lang='grc' dir='ltr'><em>Μ</em></span> <span class='ocrx_word' id='word_1_313' title='bbox 813 3474 843 3520; x_wconf 90' lang='lat'>16</span> <span class='ocrx_word' id='word_1_314' title='bbox 859 3487 893 3521; x_wconf 83' lang='lat' dir='ltr'>ex</span> <span class='ocrx_word' id='word_1_315' title='bbox 911 3472 948 3520; x_wconf 89' lang='lat' dir='ltr'>rei</span> <span class='ocrx_word' id='word_1_316' title='bbox 968 3470 1000 3518; x_wconf 93' lang='lat' dir='ltr'><em>M</em></span> <span class='ocrx_word' id='word_1_317' title='bbox 1063 3472 1168 3522; x_wconf 82' lang='lat' dir='ltr'>infanda</span> <span class='ocrx_word' id='word_1_318' title='bbox 1185 3469 1209 3518; x_wconf 93' lang='lat' dir='ltr'><em>L</em></span> 
     </span>
    </p>
   </div>
   <div class='ocr_carea' id='block_1_6' title="bbox 204 3534 1211 3654">
    <p class='ocr_par' dir='ltr' id='par_1_6' title="bbox 204 3534 1211 3654">
     <span class='ocr_line' id='line_1_37' title="bbox 205 3534 1211 3602; baseline -0.002 -14"><span class='ocrx_word' id='word_1_319' title='bbox 205 3556 237 3589; x_wconf 78' lang='lat'>22</span> <span class='ocrx_word' id='word_1_320' title='bbox 254 3539 437 3602; x_wconf 84' lang='lat' dir='ltr'>gignanturM</span> <span class='ocrx_word' id='word_1_321' title='bbox 535 3554 567 3599; x_wconf 78' lang='lat'>23</span> <span class='ocrx_word' id='word_1_322' title='bbox 584 3545 610 3587; x_wconf 87' lang='lat' dir='ltr'>et</span> <span class='ocrx_word' id='word_1_323' title='bbox 620 3534 718 3586; x_wconf 84' lang='lat' dir='ltr'>om.M</span> <span class='ocrx_word' id='word_1_324' title='bbox 812 3551 844 3599; x_wconf 77' lang='lat'>⁹5</span> <span class='ocrx_word' id='word_1_325' title='bbox 861 3545 978 3599; x_wconf 87' lang='lat' dir='ltr'>prompta</span> <span class='ocrx_word' id='word_1_326' title='bbox 990 3534 1038 3601; x_wconf 81' lang='grc' dir='ltr'>Μγ</span> <span class='ocrx_word' id='word_1_327' title='bbox 1134 3552 1165 3597; x_wconf 78' lang='lat'>27</span> <span class='ocrx_word' id='word_1_328' title='bbox 1183 3543 1211 3586; x_wconf 88' lang='lat' dir='ltr'>et</span> 
     </span>
     <span class='ocr_line' id='line_1_38' title="bbox 204 3603 599 3654; baseline -0.008 0"><span class='ocrx_word' id='word_1_329' title='bbox 204 3604 298 3654; x_wconf 88' lang='lat' dir='ltr'>om.M</span> <span class='ocrx_word' id='word_1_330' title='bbox 395 3605 421 3653; x_wconf 90' lang='lat' dir='ltr'>in</span> <span class='ocrx_word' id='word_1_331' title='bbox 435 3603 491 3652; x_wconf 78' lang='lat' dir='ltr'>add.</span> <span class='ocrx_word' id='word_1_332' title='bbox 505 3603 599 3652; x_wconf 63' lang='lat' dir='ltr'>Puden?</span> 
     </span>
    </p>
   </div>
   <div class='ocr_carea' id='block_1_7' title="bbox 0 0 1337 4216">
    <p class='ocr_par' dir='ltr' id='par_1_7' title="bbox 0 0 1337 4216">
     <span class='ocr_line' id='line_1_39' title="bbox 0 0 1337 4216; baseline 0 0"><span class='ocrx_word' id='word_1_333' title='bbox 0 0 1337 4216; x_wconf 95' lang='lat' dir='ltr'> </span> 
     </span>
    </p>
   </div>
  </div>
 </body>
</html>
