2648 4216
88 257 189 334 80327
482 261 527 320 M.
550 260 679 320 TVLLI
702 259 935 320 CICERONIS

365 421 490 501 effertur,
514 424 603 501 imus,
623 427 663 487 ad
684 427 854 505 sepulcrum
875 424 1020 500 venimus,
1079 447 1080 450 ¹

364 524 397 584 in
418 523 519 602 ignem
541 523 681 601 imposita
702 535 755 599 est,

203 616 288 702 [lere]
311 623 418 682 decem
442 619 593 681 versiculis
617 630 714 681 totum
739 621 887 680 conficere
911 619 1058 698 potuisset
1069 642 1080 695 3
1107 640 1213 699 quam·

202 737 292 794 quam
315 719 373 778 hoc
395 716 494 795 ipsum
516 719 658 791 ‘effertur
675 716 771 790 imus,‘
789 716 945 778 concisum
964 729 1009 778 est
1028 717 1077 791 ita,
1094 730 1128 778 ut
1147 738 1212 779 non

139 824 187 884 3²8
201 813 337 874 brevitati
356 814 497 875 servitum
520 814 566 888 sit,
587 816 640 875 sed
664 814 757 892 magis
776 814 932 874 venustati.
976 816 1069 890 Quod
1089 815 1114 875 si
1135 815 1240 888 nihil5

144 961 146 964 .
202 911 314 986 luisset,
329 911 385 971 nisi
400 911 450 972 ‘in
465 911 564 990 ignem
580 911 721 989 imposita
735 914 798 985 est,'
812 923 913 971 tarnen
929 932 975 972 res
990 924 1053 973 tota
1066 913 1212 990 cognosci

202 1009 287 1069 facile
301 1012 455 1087 potuisset.
492 1011 553 1071 Sed
570 1021 600 1070 et
614 1009 803 1070 festivitatem
818 1011 910 1070 habet
925 1010 1053 1070 narratio
1068 1010 1212 1072 distincta

202 1107 336 1183 personis
360 1119 390 1167 et
413 1106 603 1185 interpuncta
625 1106 825 1175 sermonibus,
843 1119 873 1166 et
896 1118 942 1167 est
963 1118 993 1167 et
1014 1107 1208 1184 probabilius,

202 1204 286 1278 quod
306 1214 423 1279 gestum
444 1223 510 1263 esse
531 1202 621 1274 dicar,
639 1223 708 1262 cum
730 1204 880 1280 quemad
902 1205 1027 1264 modum
1048 1216 1149 1264 actum
1172 1205 1211 1266 sit

202 1320 341 1376 exponas,
363 1311 393 1359 et
414 1302 510 1361 multo
530 1300 660 1378 apertius
682 1302 721 1360 ad
742 1300 977 1378 intellegendum
999 1311 1051 1373 est,
1075 1301 1100 1360 si
1121 1309 1210 1364 †con·
1223 1323 1258 1362 ἰο

139 1417 189 1468 329
202 1396 332 1456 stituitur
345 1397 508 1474 aliquando
522 1417 557 1457 ac
571 1418 633 1457 non
652 1397 709 1457 ista
725 1397 869 1459 brevitate
887 1399 1072 1477 percurritur.
1116 1403 1210 1477 Aper-

202 1504 263 1554 tam
283 1493 363 1555 enim
383 1494 582 1555 narrationem
601 1507 663 1555 tam
682 1515 748 1556 esse
767 1507 885 1573 oportet
904 1516 995 1573 quam
1013 1508 1112 1556 cetera
1120 1518 1130 1570 ;
1153 1498 1209 1558 sed

201 1593 260 1652 hoc
282 1591 375 1668 magis
396 1591 428 1651 in
449 1594 505 1652 hac
526 1593 741 1653 elaborandum
763 1604 816 1666 est,
837 1595 920 1670 quod
942 1605 972 1654 et
993 1593 1143 1654 difficilius
1162 1605 1208 1655 est

201 1709 264 1750 non
281 1710 346 1750 esse
365 1690 526 1750 obscurum
549 1690 580 1749 in
601 1711 631 1750 re
653 1692 800 1750 narranda
822 1711 914 1768 quam
935 1702 987 1751 aut
1009 1691 1040 1750 in
1059 1691 1207 1770 principio

201 1797 252 1847 aut
273 1787 303 1847 in
325 1789 562 1865 argumentando
583 1799 635 1847 aut
657 1787 688 1847 in
713 1791 880 1865 perorando
891 1810 899 1862 ;
928 1799 959 1848 et
981 1788 1093 1850 maiore
1116 1789 1207 1849 etiam
1224 1812 1254 1860 15

201 1884 333 1961 periculo
353 1878 431 1944 haec*
447 1904 514 1961 pars
534 1884 675 1945 orationis
697 1886 825 1945 obscura
844 1896 889 1946 est
909 1905 1000 1963 quam
1020 1898 1143 1960 ceterae,
1159 1889 1208 1947 vel

202 1981 281 2058 quia,
296 1981 321 2041 si
335 2001 396 2058 quo
410 1981 470 2042 alio
484 1981 514 2041 in
534 1983 602 2042 loco
617 1993 662 2042 est
681 1982 795 2043 dictum
815 1982 889 2060 quid
909 1983 1073 2058 obscurius,
1089 1995 1207 2044 tantum

201 2076 234 2136 id
247 2077 330 2155 perit,
347 2079 431 2155 quod
445 2077 486 2137 ita
500 2076 614 2139 dietum
634 2089 686 2152 est,
703 2080 831 2140 narratio
845 2081 973 2140 obscura
990 2091 1084 2141 totam
1104 2101 1207 2143 occae-

201 2186 250 2234 cat
274 2175 440 2235 orationem
452 2197 460 2249 3
492 2178 538 2236 vel
563 2178 646 2253 quod
670 2176 729 2237 alia
753 2177 858 2254 possis,
885 2180 977 2238 semel
1000 2178 1025 2238 si
1050 2178 1206 2240 obscurius

202 2271 320 2346 dixeris,
345 2272 444 2332 dicere
469 2272 528 2334 alio
553 2274 621 2333 loco
649 2273 774 2350 planius,
802 2275 978 2336 narrationis
1002 2295 1080 2335 unus
1105 2287 1150 2336 est
1175 2276 1207 2336 in
1224 2296 1256 2333 ro

151 2409 153 2414 -
194 2389 291 2429 causa
312 2371 404 2429 locus.
449 2369 513 2430 Erit
534 2380 634 2431 autem
657 2371 813 2448 perspicua
834 2372 973 2446 narratio,
987 2371 1012 2432 si
1030 2372 1128 2432 verbis
1150 2372 1208 2434 usi·

202 2467 277 2540 tatis,
294 2467 319 2527 si
340 2467 445 2528 ordine
467 2479 636 2546 temporum
658 2481 782 2542 servato,
798 2469 823 2529 si
844 2490 907 2529 non
928 2469 1091 2548 interrupte
1112 2489 1208 2530 narra·

172 2541 289 2666 gbitur.
333 2567 393 2626 Sed
418 2569 541 2643 quando
565 2570 712 2627 utendum
737 2567 776 2626 sit
799 2580 851 2627 aut
876 2588 938 2628 non
962 2567 1001 2628 sit
1029 2567 1206 2641 narratione,

202 2664 233 2725 id
248 2676 293 2724 est
307 2664 431 2738 consili;
452 2685 550 2742 neque
565 2664 645 2725 enim
661 2664 685 2724 si
700 2677 832 2726 notares
851 2677 896 2726 est
915 2686 972 2727 nec
991 2667 1118 2728 dubium
1132 2666 1208 2744 quid

200 2774 317 2840 gestum
336 2761 382 2834 sit,
399 2781 515 2822 narrare
533 2774 660 2841 oportet,
675 2783 732 2824 nec
750 2763 775 2823 si
794 2763 978 2825 adversarius
997 2764 1132 2837 narravit,
1149 2764 1207 2825 nisi
1225 2787 1235 2820 2
1240 2787 1253 2836 5

200 2859 225 2919 si
244 2862 412 2921 refellemus
422 2883 430 2934 3
452 2879 488 2920 ac
507 2859 532 2920 si
552 2863 675 2938 quando
696 2860 751 2922 erit
770 2863 962 2935 narrandum,
976 2881 1032 2922 nec
1054 2862 1111 2936 illa,
1128 2879 1206 2940 quae

200 2957 402 3036 suspicionem
416 2970 446 3019 et
460 2957 573 3018 crimen
588 2957 718 3019 efficient
734 2970 898 3037 contraque
915 2978 971 3018 nos
990 2970 1084 3033 erunt,
1100 2960 1207 3021 acriter

139 2631 170 2681 33

233 3113 266 3162 M
275 3137 297 3155 =
309 3113 393 3162 ΑΕΗ
470 3131 485 3162 2
503 3114 530 3162 in
544 3114 630 3176 ignem
643 3115 762 3176 imposita
774 3122 815 3165 est
826 3115 859 3163 M
870 3117 939 3179 (anre
948 3117 1095 3169 lacunaml:
1114 3118 1141 3165 in
1151 3118 1207 3179 igni

201 3181 309 3243 positast
320 3180 415 3228 Pederr't
481 3179 540 3240 3in
553 3179 795 3230 hisseredecemL
863 3181 1071 3240 4efferimusM
1145 3184 1206 3232 Bet

201 3252 242 3295 est
254 3252 280 3293 et
291 3244 344 3292 ΑΕ
352 3263 356 3292 :
375 3252 401 3294 et
413 3253 452 3295 est
463 3245 532 3295 codd.
545 3245 612 3308 (HR
624 3247 689 3309 rece.)
759 3262 789 3295 ro
806 3245 828 3294 si
840 3245 910 3295 sicl.
991 3264 1021 3295 12
1039 3247 1211 3296 rationemM

201 3318 301 3360 ceteras
317 3311 384 3358 codd.
522 3327 551 3372 13
570 3311 596 3359 in
614 3312 662 3360 hac
680 3310 783 3375 Lvulg.
904 3326 932 3373 15
950 3320 994 3361 aut
1012 3314 1146 3374 purgando
1161 3320 1207 3363 aut

202 3376 347 3439 perorando
368 3375 411 3426 M:
441 3381 486 3424 aut
507 3391 579 3437 purg.
603 3376 689 3425 delevit
709 3375 853 3426 Lambinus
876 3377 935 3441 [qui
954 3384 978 3426 et
999 3380 1205 3438 argumentando

202 3440 304 3504 maluit]
316 3459 322 3489 z
354 3448 398 3489 aut
416 3456 490 3504 purg.
502 3452 547 3490 aut
559 3457 613 3503 per.
637 3442 689 3490 secl.
703 3441 827 3490 Fn'edn'clr
943 3444 1021 3491 etiam
1033 3443 1148 3505 periculo
1161 3461 1206 3494 m:

202 3514 229 3557 et
247 3507 353 3555 ridiculo
372 3505 404 3553 M
536 3508 566 3555 16
584 3513 688 3555 ceterae
703 3505 727 3553 L
741 3507 824 3571 vulga:
851 3506 982 3555 ceteraM
1088 3524 1117 3570 η
1134 3509 1205 3571 quod

202 3573 263 3621 obse
283 3569 315 3617 M
380 3573 409 3619 18
425 3572 513 3621 idom.
528 3570 560 3618 M
630 3587 662 3632 24
680 3586 728 3620 nec
739 3572 761 3620 si
773 3570 877 3620 dubium
888 3570 955 3620 sitL
1022 3575 1055 3621 26
1072 3589 1205 3624 neema:

202 3654 235 3688 ne
247 3636 302 3686 ΜΟ
313 3653 318 3684 :
335 3637 474 3685 videndum
486 3653 519 3684 ne
530 3635 674 3684 Lambinus
