2648 4216
467 259 526 318 nu
546 257 753 321 osmonte
795 260 811 320 1
1163 273 1262 337 Μ

140 444 224 487 novo
236 435 267 487 et
279 425 379 488 alieno
392 438 499 488 ornatu
512 425 585 488 velis
599 445 705 488 ornare
718 425 788 488 iuris
803 426 896 488 civilis
911 427 1074 502 scientiam,
1091 448 1147 490 suo

140 541 264 601 quoque
285 543 353 584 eam
376 543 521 585 concesso
548 534 579 584 et
606 523 716 584 tradito
743 523 853 602 spolies
880 536 971 603 atque
999 526 1142 588 denudes

141 621 231 693 Nam,
260 619 286 680 si
313 620 354 681 ita
381 620 505 695 diceres,
528 620 580 699 qui
603 620 673 682 iuris
698 623 853 682 consultus
875 634 962 696 esset,
987 642 1053 683 esse
1074 643 1144 684 eum
1164 629 1211 694 ²3⁶

139 727 297 790 oratorem,
313 716 446 795 itemque
466 717 518 796 qui
539 728 618 779 esset
635 729 743 791 orator,
758 717 830 778 iuris
849 720 979 780 eundem
997 739 1062 780 esse
1076 739 1146 782 con·

109 834 125 883 5
139 815 260 886 sultum,
270 816 435 892 praeclaras
445 816 521 875 duas
534 813 605 874 artis
619 814 814 876 constitueres
828 826 919 893 atque
932 815 1009 876 inter
1021 836 1054 876 se
1068 816 1146 894 paris

140 921 171 970 et
193 909 329 972 eiusdem
351 911 448 973 socias
469 911 628 990 dignitatis.
672 915 764 974 Nunc
788 933 858 974 vero
880 912 951 974 iuris
975 916 1145 974 consultum

139 1007 205 1068 sine
221 1009 279 1068 hac
297 1009 477 1088 eloquentia,
502 1012 542 1071 de
565 1030 625 1088 qua
645 1009 824 1088 quaerimus,
843 1009 942 1071 lateris
960 1030 1026 1071 esse
1047 1031 1144 1089 posse,

139 1103 292 1184 fuisseque
313 1106 457 1185 plurimos
469 1129 478 1182 ;
505 1119 654 1168 oratorem
677 1127 777 1184 negas,
803 1107 860 1168 nisi
882 1107 962 1168 illam
990 1107 1145 1168 scientiam

138 1203 348 1282 adsumpserit,
358 1224 424 1265 esse
434 1224 531 1282 posse
572 1206 620 1265 Ita
633 1216 679 1264 est
693 1204 748 1264 tibi
762 1204 833 1265 iuris
847 1207 1001 1266 consultus
1015 1204 1079 1282 ipse
1092 1224 1146 1282 per

92 1319 173 1360 rose
197 1300 272 1360 nihil
299 1301 356 1362 nisi
384 1302 528 1380 leguleius
556 1301 680 1379 quidam
703 1312 808 1363 cautus
836 1314 867 1362 et
893 1313 1008 1375 acutus,
1037 1321 1146 1380 praeco

138 1397 302 1472 actionum,
317 1411 422 1460 cantor
435 1401 637 1472 formularum,
652 1418 764 1477 auceps
778 1399 959 1476 syllabarum
971 1421 980 1474 ς
1000 1400 1055 1460 sed
1075 1400 1146 1478 quia

138 1514 230 1572 saepe
250 1495 342 1557 utitur
365 1508 464 1558 orator
488 1495 624 1557 subsidio
645 1495 717 1556 iuris
739 1495 771 1556 in
795 1495 902 1568 musis,
926 1495 1039 1557 idcirco
1058 1496 1145 1557 istam

138 1589 211 1674 iuris
234 1591 390 1654 scientiam
424 1592 614 1671 eloquentiae
647 1602 802 1670 tamquam
829 1592 1001 1654 ancillulam
1031 1593 1146 1671 pedise

138 1709 292 1768 quamque
310 1689 480 1751 adiunxisti,

94 1813 124 1862 15
180 1788 274 1864 Quod
286 1806 358 1848 vero
371 1786 590 1865 impudentiam
599 1786 763 1848 admiratus
777 1807 810 1848 es
823 1807 927 1849 eorum
941 1799 1143 1866 patronorum,

137 1884 191 1963 qui
203 1896 265 1959 aut,
280 1905 350 1946 curn
372 1904 463 1963 parva
484 1885 642 1960 nescirent,
665 1906 774 1963 magna
795 1887 1003 1965 profiterentur
1024 1898 1076 1948 aut
1099 1908 1143 1963 ea,

137 2001 216 2060 quae
224 1983 354 2043 maxima
367 1992 467 2044 essent
481 1982 513 2042 in
527 1983 589 2045 iure
600 1983 687 2057 civili,
699 1994 824 2045 tractare
837 1987 982 2046 auderent
996 1985 1027 2045 in
1038 1986 1143 2061 musis,

136 2099 208 2139 cum
236 2099 272 2141 ea
299 2080 448 2141 nescirent
471 2100 698 2158 numquamque
718 2080 902 2155 didicissent,
926 2082 1079 2161 utriusque
1102 2083 1146 2144 rei

137 2175 232 2237 facilis
264 2188 309 2237 est
337 2188 367 2237 et
395 2189 533 2254 prompta
559 2176 704 2238 defensio
762 2179 842 2239 Nam
872 2198 972 2257 neque
999 2179 1073 2241 illud
1100 2190 1145 2241 est

92 2295 125 2332 ιο
138 2273 316 2348 mirandum,
332 2274 392 2352 qui,
403 2275 512 2353 quibus
526 2275 624 2336 verbis
637 2276 788 2352 coemptio
803 2276 862 2350 fiat,
877 2277 999 2351 nesciat,
1014 2279 1145 2339 eundem

138 2370 203 2433 eius
230 2372 370 2446 mulieris,
399 2393 477 2451 quae
504 2372 726 2451 coemptionem
761 2375 871 2448 fecerit,
900 2395 1021 2437 musam
1055 2397 1145 2454 posse

138 2470 300 2531 defendere
311 2492 320 2545 3
354 2491 420 2544 nec,
447 2469 472 2531 si
496 2470 579 2548 parvi
601 2470 699 2548 navigi
723 2482 754 2532 et
778 2472 878 2550 magni
905 2475 1012 2534 eadem
1040 2486 1085 2534 est
1112 2474 1144 2535 in

136 2567 334 2644 gubernando
347 2568 479 2642 scientia,
495 2568 608 2630 idcirco
627 2569 688 2647 qui,
703 2569 813 2646 quibus
833 2570 932 2632 verbis
945 2583 1058 2633 erctum
1073 2572 1144 2634 cieri

137 2676 283 2742 oporteat,
301 2666 422 2740 nesciat,
447 2665 528 2727 idem
549 2666 743 2728 erciscundae
764 2667 894 2728 familiae
916 2688 1036 2729 causam
1056 2690 1144 2748 agere

91 2783 123 2833 ²5
138 2781 201 2823 non
221 2763 323 2839 possit
367 2764 456 2837 Nam,
472 2764 556 2841 quod
578 2763 723 2824 maximas
744 2764 964 2825 centumviralis
986 2785 1090 2827 musas
1111 2767 1143 2827 in
1159 2775 1207 2839 238

137 2857 201 2919 iure
214 2858 326 2936 positas
340 2859 497 2938 protulisti,
512 2880 590 2937 quae
607 2862 731 2920 tandem
752 2880 855 2921 earum
875 2881 967 2922 causa
986 2862 1049 2936 suit,
1065 2884 1143 2941 quae

136 2956 176 3015 ab
190 2956 314 3017 homine
328 2957 480 3036 eloquenti
494 2957 565 3018 iuris
578 2957 717 3035 imperito
731 2979 794 3020 non
807 2959 995 3021 ornatissime
1013 2962 1144 3039 potuerit
1214 3025 1216 3029 ,

136 3052 221 3114 dici?
263 3054 381 3130 Quibus
406 3055 529 3132 quidem
552 3055 583 3115 in
610 3055 707 3116 causis
736 3056 886 3131 omnibus,
915 3058 992 3119 sicut
1019 3058 1050 3119 in
1078 3059 1143 3139 ipsa

137 3152 197 3215 Μ’.
214 3150 295 3226 Curi,
318 3172 396 3230 quae
422 3152 477 3212 abs
505 3163 535 3213 te
562 3173 658 3231 nuper
681 3166 726 3214 est
750 3155 839 3228 dicta,
863 3164 894 3216 et
918 3155 950 3215 in
971 3158 1005 3219 C.
1030 3157 1143 3220 Hostili

1160 1751 1202 1826 56

90 3269 124 3319 30
137 3247 274 3308 Mancini
288 3249 489 3311 controversia
509 3262 601 3328 atque
619 3250 652 3311 in
665 3271 702 3311 eo
716 3272 818 3330 puero,
834 3252 887 3330 qui
900 3274 937 3314 ex
949 3256 1042 3315 altera
1055 3268 1144 3319 natus

136 3357 199 3406 erat
213 3365 313 3420 uxore,
328 3367 392 3407 non
412 3346 537 3408 remisso
555 3347 662 3409 nuntio
679 3349 832 3426 superiori,
846 3351 902 3410 suit
915 3350 994 3412 inter
1005 3352 1143 3429 peritissi-

136 3461 203 3503 mos
218 3442 355 3505 homines
370 3464 488 3505 summa
509 3445 549 3506 de
568 3444 631 3506 iure
645 3445 811 3508 dissensio:
831 3469 943 3526 quaero
957 3449 1053 3526 igitur,
1068 3450 1142 3528 quid
1157 3468 1205 3522 ²39

134 3539 281 3602 adiuverit
295 3552 442 3603 oratorem
457 3541 488 3602 in
507 3541 553 3602 his
575 3542 672 3604 causis
691 3543 762 3605 iuris
776 3544 908 3620 scientia,
924 3567 993 3606 cum
1008 3547 1058 3608 hic
1070 3545 1141 3611 iuris

270 3710 303 3758 23
320 3704 418 3745 erctum
430 3697 491 3746 cieri
504 3698 607 3747 nstituit
621 3697 754 3749 l'r'ctoniss:
772 3701 910 3749 turbantur
918 3701 1004 3750 mdrces
