2648 4216
433 313 436 321 .
451 259 511 318 DE
532 258 738 320 ORATORE
777 259 814 326 ‚II
832 301 835 310 ·
844 285 854 330 ,ς
1143 275 1251 350 47,er

129 424 224 504 magis
238 423 267 484 vi
282 434 312 486 et
331 425 436 486 dolore
450 434 481 486 et
496 425 603 486 ardore
623 422 716 484 animi
732 424 905 500 concitares,
922 438 955 487 ut
972 447 1030 505 ego
1047 425 1133 489 adid

130 521 377 600 restinguendum
399 520 449 581 vix
469 540 594 582 conarer
613 523 780 584 accedere?
816 523 974 584 Habueras
996 523 1078 586 enim
1101 534 1135 586 tu

130 619 233 681 omnia
252 619 283 679 in
304 639 395 680 causa
415 618 587 697 superiora:
617 618 687 692 vim,
703 621 812 697 fugam,
823 659 824 663 =
835 619 1057 699 lapidationem,
1073 642 1137 683 cru.-

130 717 284 779 delitatem
299 715 489 779 tribuniciam
503 715 535 776 in
555 715 717 796 Caepionis
730 717 809 795 gravi
825 717 1046 796 miserabilique
1064 738 1136 781 casu

99 831 114 879 5
130 814 161 875 in
172 813 317 876 iudicium
325 815 475 889 vocabas3
496 813 607 876 deinde
615 813 781 894 principem
789 826 819 876 et
828 828 948 877 senatus
959 827 989 877 et
999 816 1133 889 civitatis,

130 915 174 972 M.
190 912 363 986 Aemilium,
379 911 479 990 lapide
493 931 668 991 percussum
687 932 753 974 esse
767 914 924 974 constabat
932 935 942 988 ;
970 913 1000 973 vi
1014 916 1134 993 pulsum

129 1031 147 1072 e
161 1013 275 1090 templo
289 1012 323 1071 L.
340 1011 462 1072 Cottam
481 1021 512 1071 et
526 1011 562 1070 T.
584 1008 719 1084 Didium,
737 1029 808 1078 cum
826 1010 1010 1073 intercedere
1024 1013 1135 1073 vellent
1182 1026 1185 1031 ·

128 1107 283 1187 rogationi,
307 1127 399 1170 nemo
425 1118 543 1187 poterat
569 1127 684 1185 negare.
738 1109 912 1169 Accedebat
939 1119 972 1170 ut
999 1109 1074 1170 haec
1101 1119 1134 1168 tu
1147 1063 1197 1220 {3⁸3

128 1208 307 1268 adulescens
320 1225 376 1284 pro
389 1225 421 1267 re
435 1204 557 1284 publica
570 1204 655 1282 queri
669 1225 787 1265 summa
800 1225 870 1266 cum
885 1205 1029 1283 dignitate
1039 1203 1135 1266 existi·

85 1325 117 1361 ιο
129 1324 243 1365 marere
252 1325 263 1379 3
282 1323 346 1381 ego,
367 1305 462 1366 horno
478 1302 639 1376 censorius,
655 1302 703 1362 vix
720 1302 791 1363 satis
810 1305 936 1364 honeste
958 1303 1074 1365 viderer
1092 1322 1135 1364 se·

128 1401 272 1463 ditiosum
286 1401 384 1462 civem
398 1411 428 1462 et
442 1400 474 1460 in
488 1399 619 1462 hominis
633 1399 796 1460 consularis
805 1399 973 1467 calamitate
981 1402 1133 1462 crudelem

128 1519 218 1578 posse
245 1501 415 1561 defendere.
473 1501 567 1558 Erant
595 1496 700 1575 optimi
728 1497 807 1559 cives
832 1496 954 1570 iudices,
984 1498 1134 1559 bonorum

128 1597 259 1659 virorum
277 1599 402 1676 plenum
415 1599 522 1669 forum,
538 1595 587 1656 vix
608 1606 641 1655 ut
662 1594 736 1656 mihi
758 1594 856 1656 tenuis
877 1597 1026 1672 quaedam
1047 1595 1135 1658 venia

128 1697 249 1757 daretur
261 1694 469 1767 excusationis,
482 1695 565 1772 quod
579 1705 681 1755 tamen
695 1712 764 1754 eum
779 1694 980 1766 defenderem,
994 1692 1045 1772 qui
1060 1692 1134 1755 mihi

85 1814 115 1864 15
129 1804 269 1871 quaestor
289 1792 400 1854 fuisset
446 1791 508 1853 Hic
528 1810 585 1869 ego
606 1790 679 1870 quid
700 1791 799 1852 dicam
820 1811 870 1852 me
890 1802 984 1853 artem
1002 1791 1133 1870 aliquam

127 1891 326 1952 adhibuisse?
363 1890 447 1967 Quid
481 1888 611 1962 fecerim,
647 1889 774 1951 narrabo
785 1910 800 1964 ;-
833 1888 858 1949 si
891 1888 1043 1968 placuerit,
1079 1909 1133 1951 vos

128 2008 227 2049 meam
241 1988 448 2050 defensionem
462 1987 494 2049 in
507 1987 609 2065 aliquo
619 1986 689 2047 artis
703 1989 772 2048 loco
785 1987 943 2066 reponetis.
988 1987 1134 2049 Omnium
1149 2006 1196 2059 199

127 2086 310 2149 seditionum
323 2107 441 2165 genera,
455 2085 534 2160 vitia,
551 2084 681 2164 pericula
694 2084 811 2162 conlegi
826 2105 953 2163 eamque
967 2085 1133 2147 orationem

127 2204 164 2245 ex
186 2184 271 2246 omni
291 2185 334 2246 rei
354 2183 493 2263 publicae
514 2194 632 2244 nostrae
653 2194 822 2260 temporum
846 2182 986 2244 varietate
1010 2182 1133 2261 repetivi

83 2307 114 2343 20
127 2283 321 2360 conclusique
345 2283 394 2357 ita,
424 2280 621 2354 ut,dicerem,
644 2279 700 2341 etsi
722 2300 828 2342 omnes
850 2300 968 2358 semper
989 2283 1133 2342 molestae

127 2379 290 2442 seditiones
308 2379 442 2452 fuissent,
457 2378 549 2439 iustas
568 2377 669 2439 tamen
685 2377 776 2439 fuisse
793 2397 856 2438 non
874 2380 971 2439 nullas
990 2388 1020 2439 et
1038 2398 1132 2457 prope
1148 2416 1150 2420 ·

126 2477 316 2539 necessarias.
359 2478 440 2538 Tum
454 2475 511 2550 illa,
528 2496 605 2554 quae
620 2477 713 2536 modo
727 2476 852 2537 Crassus
866 2477 1129 2550 commemorabat,

126 2576 194 2655 egi:
215 2595 316 2653 neque
333 2593 416 2652 reges
431 2595 467 2635 ex
482 2576 539 2634 hac
553 2573 671 2634 civitate
685 2572 761 2650 exigi
775 2592 874 2651 neque
885 2572 1021 2634 tribunos
1035 2572 1131 2650 plebis

127 2673 219 2736 creari
232 2695 331 2753 neque
345 2673 508 2753 plebiscitis
522 2673 632 2735 totiens
646 2675 831 2734 consularem
843 2682 1022 2750 potestatem
1036 2671 1131 2732 minui

82 2796 113 2847 ²5
128 2792 227 2850 neque
240 2771 493 2850 provocationem,
509 2781 665 2848 patronam
685 2769 765 2830 illam
786 2768 912 2831 civitatis
930 2789 966 2829 ac
980 2768 1130 2830 vindicem

125 2869 278 2943 libertatis,
301 2871 415 2948 populo
438 2870 579 2930 Romano
603 2868 666 2928 dari
688 2867 752 2928 sine
774 2867 921 2929 nobilium
944 2866 1130 2929 dissensione

125 2967 259 3046 potuisse
268 2987 277 3040 ;
301 2987 345 3040 ac,
361 2966 386 3026 si
405 2966 472 3027 illae
489 2965 651 3027 seditiones
672 2964 759 3025 saluti
778 2963 848 3024 huic
869 2963 981 3024 civitati
994 2963 1127 3038 fuissent,

125 3085 188 3126 non
202 3064 355 3138 continuo,
371 3064 396 3125 si
410 3064 477 3143 quis
495 3075 594 3125 motus
612 3063 716 3141 populi
733 3063 828 3122 factus
848 3072 934 3134 esset,
950 3060 982 3122 id
1003 3062 1037 3123 C.
1055 3063 1130 3122 Nor-

125 3162 206 3224 bano
220 3162 252 3222 in
267 3162 379 3223 nefario
394 3161 518 3223 crimine
532 3173 622 3239 atque
637 3160 668 3220 in
687 3161 791 3221 fraude
805 3159 925 3237 capitali
939 3179 1003 3220 esse
1017 3178 1130 3237 ponen-

81 3283 112 3332 30
125 3261 207 3321 dum.
252 3260 345 3334 Quod
363 3258 388 3318 si
407 3278 550 3336 umquam
568 3258 682 3336 populo
697 3258 839 3318 Romano
855 3276 1032 3318 concessum
1052 3267 1131 3317 esset

125 3368 158 3418 ut
182 3357 245 3418 iure
270 3356 408 3418 incitatus
432 3355 590 3428 videretur,
616 3354 648 3415 id
672 3354 756 3432 quod
780 3352 928 3413 docebam
951 3374 1040 3432 saepe
1064 3374 1130 3418 esse

157 3511 190 3561 M
198 3513 316 3562 =AEH
411 3511 566 3572 3furtam:
585 3509 732 3558 fucamH¹r
750 3508 873 3557 fucaAE
960 3524 990 3569 15
1007 3517 1130 3572 quaestor

124 3576 163 3627 L:
192 3576 335 3641 legatusM
340 3594 346 3625 ε
375 3575 470 3625 sodalis
481 3575 581 3624 Nomirs
688 3576 718 3623 18
735 3575 889 3624 seditionum
904 3590 955 3624 om.
970 3573 1002 3622 M
1097 3576 1131 3622 26

125 3645 212 3708 populi
231 3644 341 3692 Romani
353 3641 449 3691 AEm:
471 3657 496 3704 p.
515 3656 535 3691 r.
548 3639 604 3689 ΗΡ
700 3656 732 3700 ao
749 3641 775 3688 in
793 3639 893 3690 nefario
911 3640 1020 3688 crimine
1036 3655 1087 3688 om.
1099 3636 1133 3687 M

127 3709 254 3774 (xa-iulitt.
267 3715 329 3774 spat.
343 3725 394 3759 vac.
408 3707 450 3771 H)
549 3722 582 3770 30
599 3703 731 3769 quosiM
855 3702 858 3707 ⁴
