2648 4216
442 246 500 304 DE
522 244 729 306 ORATORE
772 245 823 303 III
1145 252 1225 319 2178

126 410 208 486 locis,
225 431 302 490 quos
320 410 457 490 exposuit
470 409 631 484 Antonius,
649 411 707 470 hac
728 409 849 471 dicendi
867 409 1087 486 exercitatione,
1101 409 1132 470 in

127 529 188 588 qua
209 508 342 570 Velleius
370 520 415 570 est
443 507 532 582 rudis,
562 527 640 567 unus
668 506 795 584 quisque
822 519 957 570 nostrum
979 509 1134 568 versatus?

128 607 211 683 Quid
231 617 285 682 est,
300 607 383 684 quod
402 618 453 665 aut
468 607 533 666 Sex.
550 604 712 682 Pompeius
729 616 780 664 aut
797 606 858 665 duo
873 604 960 666 Balbi
978 617 1030 666 aut
1050 625 1134 665 meus

126 704 249 777 amicus,
279 702 332 780 qui
359 723 428 762 cum
454 700 597 762 Panaetio
624 700 703 775 vixit,
729 704 772 761 M.
795 701 939 780 Vigellius
962 705 1000 764 de
1028 702 1134 763 virtute

98 823 112 873 5
126 802 284 863 hominum
299 798 392 861 Stoici
410 799 525 878 possint
541 799 648 873 dicere,
665 819 725 876 qua
745 797 776 859 in
797 798 998 877 disputatione
1016 820 1072 879 ego
1086 800 1133 861 his

127 901 255 961 debeam
275 909 327 958 aut
341 908 471 958 vestrum
493 896 651 974 quisquam
673 898 860 958 concedere?
901 900 973 959 Non
993 909 1038 959 est
1051 897 1132 959 enim
1148 920 1178 972 79

126 995 317 1076 philosophia
338 994 441 1055 similis
462 993 569 1054 artium
591 993 790 1071 reliquarum:
819 1014 889 1054 nam
904 995 978 1073 quid
995 994 1084 1055 faciet
1102 995 1133 1054 in

126 1092 288 1171 geometria
305 1091 358 1171 qui
376 1111 439 1152 non
453 1090 613 1152 didicerit?
640 1090 714 1168 quid
732 1090 764 1151 in
783 1091 928 1152 musicis?
962 1094 1024 1151 Aut
1038 1102 1135 1152 taceat

127 1189 278 1268 oportebit
296 1200 348 1250 aut
362 1209 401 1250 ne
418 1209 508 1250 sanus
523 1188 646 1266 quidem
660 1187 815 1249 iudicetur.
861 1192 948 1250 Haec
962 1209 1040 1262 vero,
1057 1210 1135 1267 quac

84 1315 116 1352 ro
127 1300 197 1349 sunt
210 1288 242 1348 in
256 1286 453 1366 philosophia,
470 1285 595 1364 ingeniis
609 1296 752 1346 cruuntur
764 1288 804 1347 ad
818 1286 857 1360 id,
871 1289 953 1365 quod
967 1285 999 1346 in
1013 1306 1134 1365 quoque

127 1385 189 1446 veri
205 1385 301 1446 simile
320 1396 375 1458 est,
389 1383 569 1445 eliciendum
588 1382 683 1444 acutis
699 1394 790 1462 atque
808 1383 926 1444 acribus
944 1404 1039 1463 eaque
1057 1405 1136 1445 exer·

127 1483 217 1543 citata
244 1481 378 1543 oratione
406 1482 565 1560 poliuntur.
610 1481 672 1540 Hic
696 1491 797 1542 noster
824 1481 950 1560 vulgaris
977 1493 1083 1556 orator,
1109 1481 1135 1542 si

127 1581 225 1641 minus
243 1580 297 1640 erit
310 1583 425 1653 doctus,
441 1591 472 1639 at
491 1591 592 1640 tamen
606 1578 639 1638 in
653 1578 782 1640 dicendo
797 1579 982 1655 exercitatus,
995 1581 1052 1640 hac
1072 1580 1136 1658 ipsa

127 1678 337 1738 exercitatione
365 1676 520 1738 communi
548 1676 621 1737 istos
649 1676 772 1754 quidem
802 1673 944 1758 [nostros]
970 1677 1137 1738 verberabit

83 1802 112 1854 ¹5
127 1796 226 1853 neque
254 1795 286 1836 se
310 1776 350 1835 ab
377 1775 420 1835 eis
448 1773 602 1835 contemni
629 1794 665 1834 ac
693 1772 807 1852 despici
831 1774 907 1835 sinet
917 1796 927 1848 ,·
960 1774 1005 1834 sin
1029 1774 1137 1853 aliquis
1150 1789 1182 1838 80

127 1873 268 1933 exstiterit
286 1872 458 1950 aliquand0‚
475 1871 527 1950 qui
540 1870 713 1932 Aristotelio
734 1891 817 1932 more
836 1874 875 1932 de
894 1871 1034 1932 omnibus
1049 1874 1137 1933 rebus

127 1969 158 2029 in
183 1982 340 2048 utramque
366 1981 480 2048 partem
505 1969 599 2049 possit
624 1969 724 2030 dicere
745 1969 827 2030 etin
848 1969 932 2029 omni
952 1989 1042 2030 causa
1062 1972 1138 2031 duas

127 2068 287 2128 contrarias
309 2066 465 2141 orationes,
488 2067 652 2145 praeceptis
674 2066 751 2128 illius
769 2067 902 2145 cognitis,
922 2068 1068 2148 explicare
1086 2080 1138 2130 aut

127 2169 186 2226 hoe
200 2167 350 2228 Arcesilae
365 2168 458 2228 modo
476 2178 507 2227 et
522 2165 669 2227 Carneadi
691 2176 795 2225 eontra
813 2185 913 2241 omne,
928 2169 1011 2244 quod
1032 2186 1139 2244 propo-

82 2289 113 2324 πο
126 2266 216 2325 situm
238 2266 286 2340 sit,
300 2266 432 2340 disserat,
450 2264 562 2343 quique
583 2266 623 2324 ad
644 2283 711 2323 eam
732 2263 878 2324 rationem
894 2263 1037 2342 adiungat
1056 2266 1138 2324 hunc

128 2359 332 2445 [rhetoricum]
352 2384 439 2424 usum
461 2358 661 2444 [moremque]
684 2360 985 2439 exercitationemque
1006 2361 1138 2437 dicendi,

126 2458 151 2520 is
168 2460 205 2520 sit
222 2482 318 2536 verus,
337 2461 363 2521 is
381 2463 540 2539 perfectus,
555 2459 580 2519 is
602 2460 683 2518 solus
703 2468 808 2518 orator.
852 2460 932 2518 Nam
953 2478 1052 2536 neque
1073 2459 1138 2520 sine

125 2557 293 2619 forensibus
307 2559 404 2619 nervis
419 2558 489 2618 satis
504 2559 665 2617 vehemens
688 2566 718 2616 et
734 2555 829 2633 gravis
843 2575 900 2616 nec
919 2555 983 2616 sine
997 2556 1137 2618 varietate

126 2655 279 2717 doctrinae
297 2656 367 2717 satis
388 2655 498 2734 politus
520 2667 550 2716 et
571 2655 690 2732 sapiens
712 2673 777 2714 esse
798 2664 897 2713 orator
917 2664 1022 2730 potest.
1068 2657 1137 2731 Qua
1151 2663 1181 2712 81

81 2773 111 2824 ²5
126 2772 157 2813 re
172 2755 318 2815 Coracem
333 2753 423 2813 istum
438 2764 568 2815 veterem
584 2751 732 2831 patiamur
747 2770 802 2811 nos
818 2748 940 2828 quidem
955 2753 1052 2828 pullos
1067 2771 1137 2813 suos

126 2852 282 2910 excludere
297 2849 328 2909 in
347 2849 428 2922 nid0‚
445 2849 497 2927 qui
516 2851 635 2910 evolent
658 2850 834 2908 clamatores
849 2847 946 2909 odiosi
959 2868 996 2908 ac
1010 2849 1136 2923 molesti,

126 2948 377 3026 Pamphilumque
397 2948 498 3008 nescio
518 2968 609 3025 quem
627 2947 759 3007 sinamus
780 2946 812 3005 in
833 2944 932 3006 insulis
947 2957 1060 3006 tantam
1074 2967 1137 3007 rem

125 3054 279 3123 tamquam
304 3044 424 3123 puerilis
445 3045 566 3105 delicias
595 3044 709 3122 aliquas
732 3043 914 3122 depingere;
943 3064 1059 3121 nosque
1082 3043 1138 3123 ipsi

125 3142 182 3201 hac
214 3154 276 3202 tarn
308 3142 414 3220 exigua
445 3141 648 3220 disputatione
683 3140 813 3202 hesterni
846 3152 875 3202 et
909 3140 1045 3203 hodierni
1078 3142 1139 3203 diei

79 3259 112 3308 30
125 3249 222 3299 totum
242 3239 365 3299 oratoris
386 3259 495 3299 munus
517 3238 708 3317 explicemus
723 3241 797 3299 dum
818 3241 910 3300 modo
931 3239 981 3299 illa
995 3259 1041 3299 res
1055 3250 1138 3300 tanta

158 3395 322 3455 shominum
342 3395 421 3444 Stoici
439 3394 523 3444 codd:
547 3395 600 3444 sed.
616 3394 699 3444 Bake:
725 3395 843 3444 homines
862 3395 941 3445 Stoici
959 3397 1045 3460 vulg:
1067 3396 1137 3446 omni

125 3461 216 3508 malim
329 3476 359 3508 12
378 3460 428 3509 Hic
441 3459 508 3509 codd.
522 3476 572 3508 non
584 3461 663 3508 nulla:
682 3459 734 3509 Hic
745 3461 786 3508 hic
799 3459 866 3509 codd.
876 3461 1002 3524 plerique:
1023 3462 1082 3511 hinc
1095 3460 1137 3510 hic

124 3524 213 3573 Pearce
292 3541 322 3586 14
339 3535 442 3574 nostros
456 3524 523 3574 codd.
536 3525 589 3575 sed.
603 3525 718 3574 Ernesti:
736 3526 906 3586 philosophos
918 3525 1027 3575 Paleris:
1047 3528 1137 3577 doctos

124 3589 215 3650 Sorojz
234 3592 371 3651 magistros
381 3590 464 3639 Adler
538 3605 567 3638 21
587 3589 741 3639 rhetoricum
752 3591 805 3638 secl.
818 3590 913 3639 Schrlts
989 3607 1137 3654 moremque

125 3655 210 3704 delevit
219 3654 363 3704 Lambinus
445 3671 477 3704 22
493 3655 527 3704 sit
538 3655 626 3706 codd:
643 3656 691 3704 erit
702 3655 771 3704 Bake
853 3669 884 3716 ²5
902 3663 1018 3705 veterem
1031 3657 1138 3706 Pearcez

124 3728 238 3769 vestrum
251 3721 319 3771 codd.
419 3723 452 3769 26
468 3721 606 3769 excludere
619 3720 684 3769 codd
697 3739 703 3768 z
722 3722 850 3770 excudere
863 3721 957 3785 Stangl
