2648 4216
469 279 528 338 DE
549 276 755 338 ORATORE
777 278 792 337 1
1148 278 1185 338 16
1200 297 1227 352 7²

130 443 284 506 neminem
303 466 369 507 esse
389 445 421 506 in
442 458 592 508 oratorum
614 468 739 508 numero
757 448 941 522 habendum,
956 449 1008 527 qui
1022 468 1084 510 non
1098 448 1136 508 sit

130 541 273 602 omnibus
297 542 340 603 eis
363 543 485 617 artibus,
509 563 586 621 quae
607 555 677 605 sunt
697 544 792 605 libero
812 545 928 622 dignae,
955 545 1117 623 perpolitus
1127 566 1137 619 3

130 636 242 713 quibus
255 637 327 716 ipsis
342 638 366 699 si
381 638 412 698 in
428 639 559 702 dicendo
578 660 640 700 non
659 640 778 714 utimur,
794 652 895 702 tamen
910 653 1032 720 apparet
1045 652 1136 719 atque

131 744 235 806 exstat,
259 746 358 794 utrum
381 734 474 796 simus
497 757 599 796 earum
621 738 711 798 rudes
733 756 771 796 an
794 737 1005 798 didicerimus:
1030 749 1063 798 ut
1084 736 1136 814 qui
1152 753 1183 802 73

102 829 192 907 5pila
216 831 333 905 ludunt,
355 852 418 892 non
440 844 564 893 utuntur
586 833 617 893 in
642 833 707 911 ipsa
731 832 847 894 lusione
870 833 996 894 artificio
1016 833 1136 912 proprio

130 930 303 1005 palaestrae,
320 931 374 991 sed
395 929 509 991 indicat
531 931 596 1008 ipse
617 943 725 1003 motus,
741 931 939 992 didicerintne
960 933 1136 1009 palaestram

130 1045 171 1085 an
193 1026 337 1099 nesciant,
361 1037 391 1087 et
413 1027 465 1105 qui
486 1027 600 1105 aliquid
621 1030 746 1105 fingunt,
764 1028 820 1088 etsi
841 1039 905 1089 tum
927 1027 1042 1106 pictura
1063 1027 1136 1088 nihil

130 1135 264 1198 utuntur,
290 1136 401 1198 tamen,
430 1136 530 1185 utrum
558 1125 654 1186 sciant
681 1125 803 1203 pingere
834 1146 874 1185 an
902 1125 1044 1198 nesciant,
1075 1144 1136 1184 non

131 1222 295 1282 obscurum
316 1233 379 1297 est,
407 1221 450 1282 sic
476 1222 508 1283 in
536 1222 719 1283 orationibus
744 1222 826 1283 hisce
853 1222 925 1300 ipsis
949 1221 1136 1294 iudiciorum,

86 1336 119 1372 ιο
132 1318 319 1392 contionum,
335 1331 464 1393 senatus,
480 1320 571 1380 etiam
585 1319 610 1381 si
632 1318 751 1398 proprie
770 1332 885 1381 ceterae
900 1340 961 1379 non
976 1318 1137 1380 adhibean-

132 1427 180 1476 tur
200 1428 286 1490 artes,
302 1428 404 1477 tamen
426 1417 512 1478 facile
535 1419 708 1490 declaratur,
724 1428 823 1477 utrum
845 1416 879 1490 is,
895 1417 947 1494 qui
969 1416 1059 1489 dicat,
1075 1427 1137 1476 tan-

132 1525 198 1574 tum
222 1515 316 1576 modo
340 1514 372 1574 in
396 1516 456 1575 hoc
479 1514 692 1575 declamatorio
714 1514 752 1574 sit
777 1533 866 1592 opere
888 1514 1013 1574 iactatus
1035 1533 1074 1573 an
1098 1514 1137 1573 ad

132 1611 297 1673 dicendum
311 1611 453 1673 omnibus
467 1611 604 1689 ingenuis
617 1611 730 1671 artibus
744 1611 905 1671 instructus
919 1609 1096 1671 accesserit'

173 1712 254 1769 Tum
289 1708 390 1770 ridens
424 1711 568 1770 Scaevola
603 1714 682 1769 ‘non
717 1708 853 1769 luctabor
887 1710 1006 1781 tecum,'
1040 1677 1184 1783 inquit1⁷

89 1826 118 1878 ¹5
135 1809 267 1880 ‘Crasse
283 1805 433 1884 amplius;
461 1806 493 1867 id
508 1805 588 1866 enim
608 1805 715 1884 ipsum,
731 1807 815 1883 quod
834 1817 938 1866 contra
957 1825 1005 1865 me
1019 1806 1137 1864 locutus
1153 1767 1166 1820 ⁷

132 1925 174 1978 es,
199 1903 325 1965 artificio
349 1905 482 1980 quodam
506 1923 539 1964 es
564 1915 750 1976 consecutus,
776 1914 809 1963 ut
833 1913 864 1963 et
884 1901 967 1975 mihi,
982 1920 1060 1980 quae
1081 1919 1138 1978 ego

132 2005 240 2062 vellem
255 2021 318 2061 non
332 2021 398 2061 esse
412 1999 545 2074 oratoris,
561 2001 741 2060 concederes
760 2011 791 2060 et
813 2019 849 2059 ea
870 1998 935 2077 ipsa
954 1998 1057 2059 nescio
1076 2016 1138 2074 quo

134 2102 228 2161 modo
255 2119 355 2160 rursus
379 2100 572 2176 detorqueres
598 2110 690 2175 atque
717 2097 826 2158 oratori
850 2096 970 2175 propria
997 2097 1135 2156 traderes.

135 2200 231 2274 Quae,
247 2216 317 2256 cum
336 2214 393 2273 ego
411 2207 529 2273 praetor
548 2196 692 2255 Rhodum
711 2194 859 2255 venissem
880 2205 910 2254 et
929 2214 998 2254 cum
1020 2210 1139 2253 summo
1155 2207 1184 2260 75

91 2319 124 2356 ao
136 2294 188 2354 illo
201 2295 325 2355 doctore
342 2293 426 2354 istius
445 2292 621 2371 disciplinae
635 2292 798 2370 Apollonio
812 2313 856 2365 ea,
872 2312 949 2370 quae
963 2312 982 2351 a
995 2288 1139 2350 Panaetio

135 2411 318 2469 acceperam,
354 2389 557 2463 contulissem,
587 2389 681 2450 inrisit
714 2389 763 2449 ille
790 2389 922 2466 quidem,
952 2400 985 2448 ut
1013 2387 1137 2460 solebat,

135 2486 356 2566 philosophiam
378 2498 469 2564 atque
489 2486 668 2564 contempsit
688 2487 841 2563 multaque
860 2506 921 2545 non
939 2496 1000 2545 tam
1014 2482 1139 2561 graviter

134 2585 208 2646 dixit
230 2605 321 2662 quam
340 2586 455 2659 facete3
475 2597 527 2645 tua
545 2596 645 2644 autem
665 2583 720 2643 suit
734 2583 828 2644 oratio
842 2583 907 2643 eius
921 2582 1013 2655 modi,
1029 2603 1091 2642 non
1105 2592 1138 2641 ut

134 2684 226 2743 ullam
240 2695 334 2743 artem
349 2683 552 2744 doctrinamve
566 2694 781 2754 contemneres,
792 2683 846 2742 sed
860 2693 893 2741 ut
904 2680 1002 2741 omnis
1014 2679 1138 2740 comites

90 2805 121 2855 25
134 2800 171 2840 ac
186 2779 406 2840 ministratrices
422 2780 545 2840 oratoris
560 2800 625 2840 esse
639 2779 761 2840 diceres.
807 2780 891 2855 Quas
905 2799 961 2855 ego
981 2777 1006 2838 si
1021 2777 1087 2855 quis
1101 2776 1137 2837 sit
1155 2773 1185 2840 7⁶

135 2898 213 2937 unus
228 2878 401 2955 complexus
415 2877 522 2950 omnis,
538 2877 679 2954 idemque
693 2876 718 2936 si
738 2878 778 2936 ad
797 2896 848 2936 eas
862 2878 1032 2936 facultatem
1052 2874 1139 2934 istam

134 2973 341 3036 ornatissimae
362 2973 504 3034 orationis
526 2972 701 3046 adiunxerit,
720 2992 781 3032 non
804 2993 927 3051 possum
949 2972 1048 3033 dicere
1069 2989 1138 3031 eum

134 3091 198 3130 non
212 3069 362 3148 egregium
381 3072 534 3147 quendam
555 3069 709 3130 hominem
728 3080 819 3146 atque
833 3069 1043 3130 admirandum
1057 3069 1140 3142 fore,

135 3168 189 3227 sed
203 3167 237 3240 is,
253 3166 278 3226 si
292 3167 359 3244 quis
378 3178 457 3228 esset
475 3177 527 3227 aut
541 3166 566 3226 si
584 3166 674 3227 etiam
689 3185 833 3243 umquam
847 3166 951 3227 fuisset
965 3178 1016 3227 aut
1030 3185 1100 3226 vero
1114 3163 1139 3225 si

89 3282 122 3334 30
136 3284 202 3325 esse
218 3275 328 3342 posset,
345 3275 377 3324 tu
400 3284 481 3325 esses
503 3283 581 3324 unus
604 3265 747 3341 profecto,
763 3262 815 3339 qui
836 3274 866 3324 et
887 3283 956 3323 meo
977 3262 1089 3323 iudicio
1109 3271 1140 3322 et

135 3362 271 3423 omnium
282 3362 331 3422 vix
339 3363 431 3422 ullam
442 3361 547 3422 ceteris
558 3360 839 3438 oratoribus-pace
853 3363 960 3422 horum
974 3360 1139 3421 dixerim-

135 3460 255 3519 laudem
270 3457 422 3536 reliquisti.
466 3461 579 3518 Verum
602 3457 627 3517 si
648 3456 703 3517 tibi
723 3456 780 3535 ipsi
801 3456 875 3517 nihil
895 3458 988 3530 deest,
1004 3459 1087 3535 quod
1108 3455 1139 3516 in
1154 3462 1185 3517 tt

167 3613 201 3663 Μ
202 3611 284 3661 -ΗΕ
381 3629 410 3674 17
428 3614 504 3661 velim
521 3610 554 3659 M
674 3625 706 3672 25
724 3611 917 3660 ministratrices
928 3610 1026 3660 Nomio
1037 3627 1062 3674 p.
1076 3626 1140 3674 ¹4²²

135 3679 265 3729 ministros
276 3677 319 3728 M:
338 3678 467 3727 ministras
479 3693 533 3726 rece.

1009 3760 1042 3808 2*
