2648 4216
415 263 418 268 ’
461 269 520 329 ua
541 258 749 331 onnsoau
791 259 858 328 1112
1145 267 1217 345 με

128 429 225 498 multo
247 437 343 498 ‘etiam
370 424 480 498 vidisse
503 435 650 509 videntur,
677 455 769 516 quam
793 444 940 516 quantum
964 422 1137 497 nostrorum

128 532 315 612 ingeniorum
329 533 408 595 acies
423 532 531 595 intueri
547 543 657 613 potest,
671 532 724 612 qui
738 532 840 594 omnia
854 534 938 606 haec,
953 552 1032 611 quae
1045 542 1136 612 supra

128 643 158 692 et
180 633 292 708 subter,
313 652 408 692 unum
431 652 497 693 esse
519 642 550 692 et
569 651 630 692 una
654 630 683 691 vi
705 641 797 710 atque
821 628 906 713 [una]
932 630 1134 692 consensione

127 740 251 791 naturae
274 730 435 791 constricta
457 750 522 790 esse
547 729 704 804 dixerunt3
733 732 849 790 nullum
871 739 916 791 est
936 728 1024 790 enim
1038 749 1134 807 genus

98 838 233 901 5rerum,
249 829 333 905 quod
353 839 405 888 aut
425 830 562 889 avulsum
583 847 602 889 a
622 826 728 893 ceteris
749 846 803 906 per
822 846 856 889 se
875 827 975 907 ipsum
996 838 1134 889 constare

127 936 179 985 aut
202 945 265 1004 quo
292 936 391 986 cetera
414 924 440 986 si
462 935 592 999 eareant,
616 924 678 985 vim
702 944 788 985 suam
811 935 903 1003 atque
926 924 1169 1039 aeternitatem6

127 1042 302 1084 conservare
322 1021 445 1101 possint.
488 1023 550 1083 Sed
568 1020 593 1083 si
614 1024 690 1083 haec
710 1021 805 1083 maior
823 1042 889 1083 esse
909 1021 984 1083 ratio
1004 1021 1131 1098 videtur,
1148 1083 1177 1120 π

127 1139 218 1197 quam
246 1131 279 1180 ut
306 1119 464 1180 hominum
489 1119 584 1198 possit
605 1139 695 1181 sensu
719 1131 771 1180 aut
795 1119 975 1198 cogitatione
999 1139 1132 1197 compre·

127 1217 230 1293 hendi,
245 1228 290 1279 est
304 1217 394 1278 etiam
408 1217 459 1278 illa
473 1216 606 1278 Platonis
620 1237 689 1277 vera
708 1228 739 1278 et
757 1215 822 1291 tibi,
837 1218 954 1292 Catule,
967 1208 1053 1278 certe*
1068 1234 1135 1276 non

84 1334 115 1371 10
127 1313 262 1375 inaudita
288 1327 356 1390 vox,
384 1334 506 1375 ornnem
541 1312 709 1376 doctrinam
737 1315 843 1374 harum
877 1314 1073 1392 ingenuarum
1101 1323 1132 1375 et

126 1413 325 1472 humanarum
353 1405 463 1472 artium
488 1432 551 1472 uno
577 1412 712 1490 quodam
740 1410 890 1472 societatis
913 1411 1035 1473 vinculo
1062 1431 1131 1472 con-

126 1507 213 1569 tineri
222 1530 232 1584 3
252 1508 305 1569 ubi
319 1508 401 1570 enirn
422 1519 579 1588 perspecta
592 1507 636 1568 vis
655 1519 701 1568 est
719 1507 842 1568 rationis
861 1507 932 1581 eius,
949 1520 1009 1587 qua
1022 1500 1131 1570 causae

126 1625 225 1666 rerum
251 1614 343 1684 'atque
364 1605 460 1667 exitus
480 1617 713 1684 cognoscuntur,
731 1605 824 1665 mirus
847 1605 970 1682 quidam
993 1606 1130 1667 omnium

126 1702 213 1781 quasi
227 1715 391 1764 consensus
405 1703 608 1765 doctrinarum
629 1708 855 1780 concentusque
875 1701 1026 1779 reperitur.
1069 1705 1131 1764 Sed
1146 1719 1176 1755 ²²

82 1820 112 1874 ¹5
126 1799 152 1861 si
171 1803 232 1862 hoc
252 1821 375 1879 quoque
394 1801 512 1862 videtur
533 1819 601 1862 'esse
622 1794 721 1873 altius,
743 1793 835 1877 quam
856 1810 890 1860 ut
914 1799 946 1860 id
968 1819 1024 1860 nos
1046 1800 1131 1860 humi

125 1897 209 1958 strati
229 1898 379 1976 suspicere
400 1897 559 1977 possimus,
577 1897 652 1959 illud
673 1908 753 1959 certe
774 1907 885 1972 tamen,
899 1898 982 1976 quod
1003 1896 1132 1976 amplexi
1153 1905 1155 1909 ’

67 2019 68 2022 ’
126 2010 239 2068 sumus,
254 1994 338 2073 quod
358 1995 543 2072 profitemur,
557 1995 640 2073 quod
661 1993 856 2073 suscepimus,
872 2013 961 2055 nosse
980 2005 1009 2055 et
1030 2005 1132 2055 tenere

125 2092 281 2152 debemus.
325 2093 398 2153 Una
414 2101 459 2150 est
476 2090 566 2164 enim,
582 2091 666 2169 quod
685 2101 715 2151 et
734 2111 791 2170 ego
808 2093 952 2152 hesterno
962 2091 1012 2153 die
1025 2091 1087 2153 dixi
1100 2104 1131 2155 et

124 2188 240 2266 aliquot
261 2186 336 2250 locis
358 2187 596 2250 antemeridiano
609 2187 753 2249 'sermone
776 2188 951 2267 significavit
969 2190 1131 2266 Antonius,

82 2312 112 2346 ιο
125 2285 305 2363 eloquentia,
334 2306 540 2364 quascumque
567 2285 599 2346 in
627 2305 694 2346 oras
721 2285 930 2363 disputationis
958 2283 1131 2365 regionesve

124 2383 224 2444 delata
237 2393 285 2443 est
292 2405 300 2458 ;
321 2404 392 2444 nam
411 2383 472 2444 sive
489 2385 528 2443 de
545 2382 620 2444 caeli
634 2395 739 2443 natura
753 2376 885 2461 loquitur
897 2383 959 2444 sive
973 2377 1012 2445 de
1026 2396 1127 2460 terrae,
1145 2410 1175 2460 ²3

123 2479 186 2541 sive
200 2482 240 2542 de
253 2481 355 2542 divina
368 2481 398 2542 vi
411 2481 473 2542 sive
488 2483 528 2542 de
541 2483 683 2555 humana,
698 2480 761 2542 sive
780 2501 815 2542 ex
834 2481 971 2542 inferiore
985 2485 1053 2544 loco
1068 2484 1130 2546 sive

124 2593 273 2657 exaequo
287 2579 349 2640 sive
363 2600 399 2640 ex
413 2578 572 2657 superiore,
589 2578 651 2639 sive
665 2588 698 2638 ut
715 2577 849 2655 impellat
868 2578 1006 2640 homines
1020 2579 1082 2640 sive
1096 2591 1130 2641 ut

124 2676 232 2737 doceat
254 2676 316 2737 sive
340 2687 375 2737 ut
398 2678 545 2738 deterreat
567 2675 630 2738 sive
653 2687 687 2736 ut
708 2675 839 2737 concitet
861 2675 923 2736 sive
943 2687 977 2736 ut
997 2678 1130 2738 reflectat

80 2794 110 2844 ²5
123 2773 186 2835 sive
200 2785 233 2834 ut
246 2773 388 2835 incendat
399 2773 461 2835 sive
476 2784 508 2835 ut
519 2772 624 2848 leniat,
633 2774 695 2834 sive
709 2776 748 2834 ad
762 2793 875 2852 paucos
889 2772 951 2832 sive
964 2774 1004 2834 ad
1019 2776 1130 2835 multos

123 2869 186 2931 sive
200 2870 277 2932 inter
289 2870 403 2932 alienos
418 2870 480 2932 sive
493 2864 567 2931 cum
581 2869 643 2932 suis
660 2866 722 2931 sive
736 2890 847 2943 secum,
863 2869 931 2930 rivis
946 2881 990 2931 est
998 2870 1129 2933 ‘diducta'

123 2966 226 3042 oratio,
248 2990 312 3031 non
331 2969 472 3043 fontibus,
489 2980 529 3044 et,
548 2985 741 3048 quocumque
759 2968 932 3047 ingreditur,
944 2971 1061 3030 eodem
1082 2983 1127 3032 est

123 3061 269 3128 instructu
291 3061 458 3147 ornatuque
477 3067 626 3129 comitata.
669 3069 730 3129 Sed
747 3066 891 3146 quoniam
913 3068 1048 3146 oppressi
1067 3069 1126 3130 iam
1143 3083 1174 3143 24

123 3183 226 3226 sumus
241 3165 434 3243 opinionibus
453 3186 516 3227 non
534 3159 629 3226 modo
642 3165 733 3243 vulgi,
747 3185 849 3226 verum
864 3164 954 3226 etiam
969 3165 1126 3226 hominum

78 3282 110 3331 30
123 3261 226 3323 leviter
239 3264 430 3337 eruditorum,
447 3264 506 3341 qui,
523 3284 601 3342 quae
620 3262 781 3341 complecti
795 3273 859 3323 tota
872 3274 1036 3340 nequeunt,
1051 3266 1126 3324 haec

122 3357 237 3420 facilius
258 3359 375 3421 divulsa
395 3371 425 3420 et
445 3360 531 3438 quasi
546 3361 700 3438 'discerpta
720 3370 916 3434 contrectant,
931 3371 961 3420 et
981 3359 1034 3438 qui
1054 3371 1128 3421 tam-

122 3474 214 3533 quam
237 3455 278 3517 ab
299 3456 401 3538 animo
424 3476 542 3534 corpus,
562 3456 605 3518 sic
628 3477 646 3517 a
668 3455 822 3517 sententiis
844 3457 935 3517 verba
956 3456 1124 3534 seiungunt,

122 3571 253 3630 quorum⁸
273 3551 338 3618 sine
362 3551 482 3614 interitu
505 3553 567 3636 lieri
589 3565 728 3614 neutrum
748 3563 857 3630 potest,
880 3572 943 3613 non
965 3553 1126 3632 suscipiam

509 3723 526 3770 3
543 3725 594 3759 una
605 3725 656 3758 om.
669 3707 736 3759 codd.
