2648 4216
81 252 163 321 124⁶
456 240 652 315 aarum
674 245 909 314 C1currours

178 409 321 473 ‘Utinam
343 410 503 489 quideml’
533 410 632 490 inquit
658 410 708 474 ille
732 411 783 474 ‘id
808 410 890 474 enim
914 410 1014 490 ipsum
1035 413 1187 486 volumus,

176 506 269 586 idque
283 509 308 569 si
321 509 435 585 seceris,
442 512 552 584 multa,
568 522 602 571 ut
615 509 748 584 arbitror,
764 509 815 576 hic
828 509 920 571 hodie
934 509 1005 571 vitia
1018 511 1189 589 ponemus.'

130 620 162 673 47
178 608 236 666 ‘At
252 606 334 667 enim
354 597 417 667 non
438 607 503 669 sine
524 628 594 669 meo
614 607 766 686 periculo'
781 609 907 671 Crassus
921 606 1019 685 inquit
1035 612 1186 686 ‘possum,

176 701 297 780 Sulpici,
313 713 343 765 te
356 705 582 782 reprehendere,
598 703 742 782 quoniam
757 702 909 765 Antonius
928 703 1003 764 mihi
1023 714 1054 765 te
1075 701 1189 763 similli-

176 819 259 881 mum
280 800 355 862 dixit
375 800 433 861 sibi
453 801 565 863 videri!
606 803 687 862 Tum
711 801 763 864 ille
785 808 835 862 *tu
855 821 934 876 vero,
958 801 1043 879 quod
1067 799 1215 864 monuit5

176 896 265 972 idern,
288 909 322 959 ut
341 919 386 973 ea,
408 919 486 977 quae
507 899 538 959 in
559 919 681 978 quoque
702 898 834 960 maxima
853 909 961 973 essent,
984 897 1188 974 imitaremur;

175 1016 212 1056 ex
233 1015 295 1074 quo
318 1016 422 1058 vereor
442 1017 482 1059 ne
503 997 579 1058 nihil
606 997 663 1058 sim
691 996 736 1058 tui
763 997 821 1059 nisi
848 995 1074 1076 supplosionem
1099 995 1187 1074 pedis

173 1092 306 1162 imitatus
336 1105 367 1156 et
398 1115 495 1173 pauca
522 1097 672 1174 quaedam
700 1095 792 1156 verba
819 1105 849 1156 et
876 1093 1016 1172 aliquem,
1046 1091 1072 1153 si
1098 1094 1185 1166 iorte,

176 1194 311 1252 motum’
353 1195 452 1270 ‘Ergo
474 1192 549 1266 ista,'
572 1192 671 1272 inquit
695 1194 822 1255 Crassus
848 1196 942 1270 ‘quae
966 1191 1060 1251 habes
1081 1209 1102 1250 a
1125 1211 1185 1264 me,

176 1309 239 1349 non
261 1292 455 1368 reprehendo,
479 1312 518 1352 ne
546 1312 595 1353 me
617 1291 717 1370 ipsum
741 1289 999 1364 inrideam-sunt
1023 1298 1124 1349 autem
1150 1307 1187 1350 ea
1202 1306 1231 1343 ιο

177 1389 273 1447 multo
286 1399 316 1447 et
330 1389 415 1466 plura
428 1399 458 1448 et
475 1388 595 1462 maiora,
611 1408 703 1466 quam
724 1387 923 1466 dicis—quae
933 1397 1034 1447 autem
1049 1396 1119 1446 sunt
1134 1395 1187 1446 tua

176 1485 266 1560 plane
279 1495 331 1543 aut
344 1483 510 1546 imitatione
524 1506 561 1546 ex
578 1485 680 1563 aliquo
699 1504 845 1565 expressa,
860 1485 900 1545 de
913 1482 961 1543 his
975 1494 1014 1556 te,
1029 1481 1055 1542 si
1068 1480 1121 1560 qui
1136 1501 1186 1543 me

130 1546 164 1686 43
177 1583 253 1640 sorte
273 1582 357 1643 locus
377 1581 575 1655 admonuerit,
597 1581 809 1655 commonebo.
852 1583 1076 1641 Praetereamus
1097 1577 1186 1656 igitur

176 1689 334 1757 praecepta
352 1677 459 1749 Latine
480 1679 625 1758 loquendi
646 1698 724 1757 quae
744 1677 865 1757 puerilis
886 1676 1023 1739 doctrina
1043 1675 1134 1737 tradit
1154 1686 1185 1737 et

134 1768 136 1775 ’
175 1774 312 1851 subtilior
335 1776 466 1854 cognitio
493 1796 530 1838 ac
556 1776 632 1838 ratio
656 1776 819 1851 litterarum
843 1775 897 1836 alit
920 1785 972 1835 aut
994 1775 1229 1844 consuetud015

175 1873 321 1952 sermonis
343 1873 486 1935 cotidiani
506 1895 543 1935 ac
564 1873 730 1948 domestici,
752 1872 820 1934 libri
843 1873 1023 1934 confirmant
1042 1881 1073 1931 et
1094 1870 1185 1931 lectio

176 1983 309 2057 ueterum
330 1982 481 2032 oratorum
503 1983 534 2033 et
553 1983 710 2050 poetarum
720 1994 729 2047 3
754 1990 853 2050 neque
873 1989 944 2031 vero
965 1969 997 2039 in
1017 1968 1069 2029 illo
1090 1969 1185 2030 altero

146 2128 152 2141 „
177 2067 289 2128 diutius
305 2088 532 2142 commoremur,
551 2079 585 2143 ut
605 2067 801 2147 disputemus,
817 2067 927 2146 quibus
947 2067 1037 2127 rebus
1057 2064 1185 2144 adsequi

130 2189 163 2240 49
177 2165 334 2244 possimus,
347 2176 380 2226 ut
394 2186 437 2239 ea,
450 2185 528 2245 quae
541 2165 685 2240 dicamus,
700 2165 928 2244 intellegantur:
948 2161 1056 2224 Latine
1069 2162 1183 2224 scilicet

175 2264 315 2337 dicendo,
331 2263 431 2338 verbis¹
443 2263 558 2325 usitatis
572 2285 608 2338 ao
622 2262 741 2343 proprie
754 2260 1029 2337 demonstrantibus
1043 2280 1087 2334 ea,
1103 2281 1183 2338 quae
1197 2285 1230 2320 20

176 2362 337 2441 significari.
360 2383 397 2426 ac
418 2363 560 2440 declarari
584 2365 728 2437 volemus,
752 2361 817 2434 sine
844 2359 987 2438 ambiguo
1010 2359 1103 2420 verbo
1129 2370 1184 2421 aut

176 2481 322 2536 sermone,
345 2480 410 2522 non
437 2461 529 2533 nimis,¹
554 2463 647 2539 longa
670 2457 896 2534 continuatione
922 2457 1089 2531 verborum,
1119 2477 1184 2518 non

175 2561 263 2620 valde
284 2557 437 2637 productis
456 2558 507 2633 eis,
526 2578 604 2637 quae
624 2556 827 2628 similitudinis
844 2575 938 2630 causa⁴
952 2575 990 2616 ex
1009 2553 1075 2623 aliis¹
1093 2554 1185 2615 rebus

176 2659 398 2730 transfemntur,
427 2676 490 2719 non
518 2655 674 2734 discerptis
702 2652 866 2729 sententiis,
895 2672 958 2714 non
985 2650 1185 2732 praeposteris

176 2753 369 2832 temporibuS,
391 2773 453 2825 non
474 2752 606 2827 confusis
627 2751 770 2831 personis,
790 2770 853 2811 non
874 2750 1046 2829 perturbato
1067 2747 1183 2810 ordine.
1200 2769 1229 2826 ²5

176 2851 260 2932 Quid
276 2853 396 2925 multa?
436 2852 514 2922 Tam
535 2849 628 2911 facilis
649 2861 695 2920 est
715 2860 781 2910 tota·
798 2868 853 2927 res,
872 2858 905 2908 ut
926 2845 1001 2908 mihi
1021 2845 1185 2924 permimm

133 2993 135 2996 >
176 2969 265 3027 saepe
280 2949 433 3023 uideatur,
456 2969 525 3013 cum
550 2946 917 3025 difficiliusrintellegatur,
936 2943 1015 3023 quid
1039 2953 1185 3021 patronus

174 3047 247 3119 ‚velit
261 3047 368 3131 dicere,
384 3066 476 3125 quam
495 3045 522 3121 si
540 3045 604 3124 ipse
620 3045 678 3121 ille,
694 3043 752 3123 qui
764 3055 924 3122 patronum
944 3040 1077 3114 adhibet,
1092 3042 1133 3102 de
1151 3061 1185 3102 re

133 3162 164 3217 50
173 3164 232 3216 pua
245 3144 367 3217 diceret,
375 3197 376 3200 ,
396 3144 464 3215 ;Isti
482 3143 571 3226 enim,
588 3141 640 3221 qui
657 3144 700 3216 ad¹
715 3126 773 3214 nos
791 3161 895 3212 causas
909 3141 1055 3212 deserunt,
1070 3138 1112 3198 ita
1126 3158 1184 3200 nos

174 3244 356 3320 plerumque
375 3241 436 3320 ipsi
455 3243 582 3316 docent,
611 3252 645 3314 ut
675 3260 738 3301 non
772 3238 924 3313 desideres
955 3236 1073 3320 planius
1100 3236 1163 3298 dici
1174 3259 1184 3314 ι
1197 3257 1229 3323 ³9

176 3342 359 3414 easdemres
372 3351 473 3401 autem
492 3338 631 3413 simulac
645 3339 747 3399 Fufius
768 3347 820 3398 aut
833 3348 930 3398 vester
947 3335 1080 3414 aequalis
1094 3327 1185 3395 Pom-

175 3437 290 3517 ponius
297 3455 390 3515 agere
402 3435 517 3514 coepit,
525 3456 587 3512 ιιοιι
605 3455 702 3530 aeque
718 3432 793 3513 quid
813 3433 923 3512 dicant,
939 3432 997 3493 nisi
1014 3434 1183 3494 admodum

176 3601 269 3710 ωέᾰοιιι
286 3608 351 3655 vero
364 3592 435 3657 qood
450 3591 557 3682 Saluta:
588 3599 642 3641 tum
649 3591 746 3655 quod
742 3590 808 3650 L
893 3604 925 3638 ιο
941 3603 973 3652 aa
987 3587 1099 3650 Kayser:
1123 3601 1183 3638 mea
