2648 4216
457 279 515 339 DE
536 278 746 341 ORATORE
785 280 800 341 I
847 279 850 287 ’
1149 286 1190 365 58
1203 301 1250 364 ,ῃ

126 445 208 520 artis,
222 445 306 509 aliud
323 446 356 507 in
376 448 529 510 communi
543 449 603 509 vita
621 461 651 511 et
668 451 779 528 vulgari
800 451 956 514 hominum
978 465 1135 516 consuetu·

126 543 201 604 dine
222 563 280 606 nec
301 546 441 607 hebetem
462 567 519 608 nec
539 550 652 609 rudem.
696 549 754 611 Cui
775 560 910 610 nostrum
932 550 1001 611 licet
1023 553 1133 613 fundos
1151 573 1199 624 249

127 652 247 703 nostros
260 642 345 704 obire
357 654 410 705 aut
429 663 477 705 res
497 645 620 706 rusticas
641 647 688 706 vel
706 647 819 707 fructus
837 667 927 708 causa
945 649 992 709 vel
1007 650 1134 710 delecta

127 737 219 800 tionis
239 738 390 801 invisere?
429 743 547 802 Tamen
570 763 661 804 nemo
685 754 747 803 tam
771 744 835 805 sine
856 745 959 818 oculis,
985 757 1046 806 tam
1070 746 1135 808 sine

98 861 112 911 5
128 847 231 898 mente
244 837 323 912 vivit,
339 849 373 899 ut
394 838 468 917 quid
490 839 528 900 sit
549 841 691 901 sementis
713 861 749 902 ac
771 842 884 915 messis,
900 842 974 920 quid
991 844 1132 904 arborum

127 935 245 1014 putatio
258 955 295 996 ac
307 936 421 1010 vitium,
437 957 498 1015 quo
513 948 647 1014 ternpore
660 938 732 998 anni
750 950 802 999 aut
821 959 882 1017 quo
903 942 997 1000 modo
1010 961 1046 1000 ea
1060 942 1133 1001 fiant

127 1033 254 1096 omnino
268 1033 388 1094 nesciat
432 1037 515 1094 Num
530 1033 616 1112 igitur
630 1035 655 1095 si
669 1036 721 1113 qui
735 1037 845 1097 fundus
865 1036 1067 1114 inspiciendus
1081 1049 1133 1098 aut

127 1129 153 1190 si
181 1131 388 1192 mandandum
414 1131 529 1209 aliquid
555 1133 738 1209 procuratori
766 1134 804 1194 de
838 1134 900 1212 agri
934 1137 1049 1196 cultura
1080 1147 1131 1195 aut

126 1227 337 1305 imperandum
357 1229 446 1290 vilico
466 1241 519 1302 est,
536 1229 675 1308 Magonis
698 1231 954 1309 Karthaginiensis
975 1244 1044 1293 sunt
1065 1231 1132 1293 libri

81 1353 113 1391 10
126 1325 340 1404 perdiscendi?
365 1346 405 1387 an
428 1327 486 1387 hac
508 1327 662 1387 communi
686 1328 886 1406 intellegentia
908 1329 1041 1390 contenti
1065 1349 1131 1391 esse

126 1426 310 1501 possumus?
351 1426 413 1487 Cur
433 1443 503 1501 ergo
524 1444 587 1484 non
607 1424 705 1486 eidem
727 1425 758 1485 in
778 1425 840 1487 iure
857 1426 943 1500 civili,
959 1427 1130 1505 praesertim

127 1529 197 1581 cum
220 1520 251 1580 in
272 1520 369 1582 causis
390 1533 419 1581 et
443 1521 475 1580 in
497 1521 624 1598 negotiis
648 1533 678 1582 et
700 1522 731 1582 in
753 1525 819 1583 loro
841 1536 1036 1598 conteramur,
1061 1524 1131 1585 satis

124 1617 262 1679 instructi
283 1638 349 1678 esse
373 1637 532 1695 possumus
559 1619 600 1679 ad
627 1621 686 1680 hoc
714 1621 875 1693 dumtaxat,
904 1641 943 1682 ne
971 1622 1002 1681 in
1030 1633 1131 1682 nostra

125 1715 221 1793 patria
240 1715 386 1793 peregrini
406 1727 497 1792 atque
516 1718 652 1777 advenae
671 1737 737 1777 esse
755 1717 930 1778 videamur?
971 1723 1017 1779 Ac
1032 1719 1056 1779 si
1071 1718 1130 1779 iam
1146 1737 1195 1786 ²50

80 1831 110 1882 15
126 1812 164 1872 sit
179 1830 269 1873 causa
281 1812 381 1890 aliqua
395 1815 435 1873 ad
453 1832 509 1874 nos
529 1815 627 1873 delata
646 1814 807 1888 obscurior,
824 1815 951 1888 difficile,
967 1817 1066 1889 credo,
1083 1815 1128 1889 sit,

126 1917 196 1969 cum
217 1911 276 1970 hoc
300 1912 443 1970 Scaevola
463 1910 703 1986 communicare3
733 1931 915 1989 quamquam
937 1911 995 1990 ipsi
1019 1913 1129 1987 omnia,

125 2025 254 2084 quorum
267 2007 420 2084 negotium
435 2019 488 2080 est,
504 2010 641 2068 consulta
654 2009 694 2069 ad
708 2029 763 2069 nos
778 2020 807 2068 et
824 2009 969 2087 exquisita
983 2011 1127 2070 deferunt

125 2107 176 2163 An
190 2123 268 2176 vert),
284 2104 309 2164 si
324 2105 362 2165 de
376 2124 407 2165 re
422 2104 494 2182 ipsa,
511 2104 535 2164 si
550 2106 588 2165 de
602 2105 720 2178 finibus,
737 2125 806 2166 cum
821 2105 852 2166 in
866 2127 928 2166 rem
943 2119 1129 2183 praesentem

127 2198 215 2283 [non]
227 2202 371 2275 venimus,
387 2201 412 2262 si
427 2204 466 2263 de
480 2201 588 2262 tabulis
608 2214 637 2261 et
651 2202 915 2280 perscriptionibus
930 2203 1129 2264 controversia

75 2310 112 2360 ἰο
125 2309 179 2372 est,
195 2310 345 2367 contortas
359 2319 406 2361 res
420 2312 449 2360 et
469 2319 558 2377 saepe
579 2299 707 2361 difficilis
726 2300 894 2361 necessario
914 2300 1130 2378 perdiscimus3
1156 2331 1179 2354 s

124 2395 151 2456 si
172 2398 251 2474 leges
272 2397 360 2458 nobis
378 2407 430 2458 aut
450 2397 475 2457 si
497 2397 655 2457 hominum
675 2396 837 2475 peritorum
858 2417 1000 2475 responsa
1021 2418 1130 2476 cogno

123 2495 237 2555 soenda
260 2506 338 2568 sunt,
359 2515 493 2555 veremur
512 2515 550 2555 ne
570 2514 613 2567 ea,
640 2494 664 2555 si
686 2495 726 2555 ab
747 2495 953 2555 adulescentia
973 2494 1028 2555 iuri
1050 2495 1128 2564 civili

124 2592 224 2653 minus
238 2594 447 2666 studuerimus,
462 2613 524 2653 non
539 2612 684 2670 queamus
699 2595 903 2668 cognoscere?

166 2690 289 2751 Nihilne
310 2689 396 2768 igitur
418 2693 539 2768 prodest
553 2689 662 2750 oratori
675 2689 746 2750 iuris
760 2689 853 2749 civilis
868 2689 1015 2750 scientia?
1056 2692 1127 2750 Non
1148 2707 1191 2771 59

80 2803 110 2862 ²5
124 2807 249 2866 possum
276 2809 384 2866 negare
411 2790 553 2867 prodesse
581 2790 672 2847 ullam
700 2787 864 2860 scientiam,
890 2786 918 2847 ei
945 2786 1126 2864 praesertim,

123 2884 209 2946 cuius
223 2885 394 2964 eloquentia
407 2885 495 2963 copia
508 2906 604 2945 rerum
620 2886 728 2946 debeat
742 2905 807 2945 esse
822 2896 946 2959 omata3
966 2884 1020 2944 sed
1034 2886 1128 2945 multa

123 2993 154 3043 et
167 3002 276 3060 magna
298 2994 328 3044 et
349 2983 480 3044 difficilia
501 2995 571 3043 sunt
589 3003 633 3055 ea,
649 3002 726 3060 quae
745 2993 815 3043 sunt
829 2981 937 3042 oratori
951 2980 1125 3054 necessaria,

122 3090 156 3140 ut
178 3080 243 3141 eius
265 3079 439 3142 industriam
461 3079 494 3140 in
511 3083 596 3158 plura
615 3079 714 3141 studia
727 3079 890 3140 distrahere
904 3080 1005 3138 nolim.
1049 3079 1126 3156 Quis
1140 3073 1187 3150 25‘1

122 3188 211 3255 neget
225 3197 302 3255 opus
316 3198 381 3239 esse
394 3177 501 3239 oratori
516 3177 547 3237 in
563 3179 623 3238 hoc
639 3177 767 3238 oratorio
782 3188 866 3238 motu
880 3187 1018 3253 statuque
1033 3176 1126 3237 Rosci

77 3297 109 3346 30
121 3287 239 3353 gestum
267 3285 297 3337 et
323 3279 533 3337 venustatem?
574 3279 691 3336 Tamen
718 3295 809 3338 nemo
837 3275 961 3337 suaserit
984 3275 1125 3336 studiosis

122 3372 244 3434 dicendi
258 3373 499 3434 adulescentibus
520 3373 551 3433 in
575 3385 660 3452 gestu
684 3372 830 3434 discendo
850 3372 1027 3437 histrionum
1042 3392 1125 3434 more

155 3543 172 3577 ο
189 3543 243 3576 non
261 3527 379 3577 hebetem
394 3526 433 3576 L:
451 3542 504 3575 non
516 3542 575 3576 esse
592 3527 616 3576 h.
630 3526 751 3574 Fn’edn‘ch
800 3541 851 3574 non
869 3526 930 3574 licet
950 3525 1016 3575 codd.
1030 3542 1036 3574 :
1055 3541 1124 3575 nunc

119 3591 233 3644 satam
250 3608 303 3642 non
315 3591 452 3641 delaetBake
565 3608 582 3655 9
599 3599 640 3641 est
648 3590 768 3656 Madm'g:
786 3592 819 3640 sit
830 3590 899 3639 codd.
1019 3606 1049 3653 19
1071 3606 1123 3639 non

120 3657 206 3710 codd:
224 3657 285 3708 dotet
291 3658 392 3708 amsa·
930 3691 935 3698 ,.

170 3753 218 3790 cre
231 3753 351 3791 otonar.
1032 3751 1049 3800 5
