2648 4216
483 263 526 322 M.
549 262 677 320 TVLLI
699 260 932 322 CICERONIS

204 445 300 488 scinu
324 428 531 498 Pornnoovrm
572 429 652 488 Tum
673 426 723 487 ille
746 431 833 486 ‘narn
855 428 938 504 quod
960 438 993 488 tu
1013 446 1076 488 non
1097 427 1208 506 poteris

203 537 255 585 aut
269 525 393 600 nescies,
409 525 476 604 quis
490 535 625 586 nostrum
639 536 701 585 tam
719 523 880 602 impudens
897 523 1008 601 estqui
1022 545 1054 585 se
1068 524 1143 585 scire
1156 535 1208 587 aut

204 642 293 700 posse
317 624 487 701 postuletl’
530 625 613 683 ‘Iam
641 641 711 683 vero
735 620 792 681 ista
819 620 1006 695 condicione,
1032 623 1105 683 dum
1134 621 1209 682 mihi

204 719 291 780 liceat
313 740 421 798 negare
442 739 532 798 posse
552 722 635 797 quod
654 738 715 779 non
735 730 840 796 potero
854 728 884 778 et
897 718 981 778 fateri
995 718 1110 779 nescire
1124 720 1207 797 quod

203 816 344 890 nesciam,
373 816 459 876 licet'
486 815 583 894 inquit
610 816 735 878 Crassus
765 819 879 876 ‘vestro
911 815 1053 877 arbitratu
1085 836 1237 894 percon-5

144 933 188 970 102
203 914 326 975 temini.’
356 913 483 992 ‘Atqui'
496 912 594 992 inquit
605 909 779 994 [Sulpicius]
794 915 869 973 ‘hoc
883 932 920 972 ex
933 924 971 986 te,
984 915 1023 973 de
1037 933 1099 990 quo
1114 915 1207 974 modo

203 1011 353 1073 Antonius
381 1011 526 1089 exposuit,
555 1009 629 1088 quid
661 1009 780 1082 sentias,
809 1009 988 1087 quaerimus,
1017 1009 1207 1071 existimesne

201 1122 295 1170 artem
320 1109 451 1186 aliquam
479 1128 545 1169 esse
568 1107 728 1169 dicendi?'
771 1106 895 1182 ‘Quidi
929 1105 1003 1167 mihi
1027 1127 1081 1168 vos
1108 1109 1207 1167 nunc'

202 1206 298 1285 inquit
316 1208 441 1268 Crassus
457 1211 626 1283 ‘tamquam
644 1203 733 1264 alicui
752 1205 900 1264 Graeculo
919 1203 1018 1264 otioso
1036 1216 1066 1264 et
1087 1203 1207 1282 loquaci

202 1316 232 1365 et
246 1306 370 1365 fortasse
384 1305 475 1365 docto
490 1314 580 1380 atque
593 1301 710 1363 erudito
725 1300 991 1379 quaestiunculam,
1007 1303 1047 1362 de
1063 1322 1123 1379 qua
1137 1321 1206 1362 meo
1221 1325 1253 1362 10

201 1399 343 1460 arbitratu
366 1402 479 1476 loquar,
501 1398 635 1477 ponitis?
676 1400 808 1474 Quando
830 1397 912 1458 enim
935 1418 984 1458 me
1008 1397 1064 1459 ista
1088 1418 1207 1458 curasse

201 1508 253 1557 aut
275 1494 421 1574 cogitasse
448 1494 632 1556 arbitramini
659 1506 689 1555 et
717 1514 779 1555 non
804 1514 922 1572 semper
949 1493 1079 1555 inrisisse
1106 1494 1206 1572 potius

201 1614 306 1655 eorum
328 1593 486 1655 hominum
508 1592 734 1671 impudentiam,
750 1591 803 1670 qui
822 1612 891 1652 curn
910 1592 942 1652 in
959 1594 1063 1652 schola
1076 1592 1207 1652 adsedis

202 1704 276 1765 sent,
292 1712 329 1752 ex
342 1711 451 1769 magna
464 1690 621 1752 hominum
640 1690 806 1768 frequentia
824 1689 924 1751 dicere
938 1689 1083 1763 iuberent,
1099 1689 1124 1750 si
1138 1689 1206 1767 quis

140 1815 188 1864 103
201 1788 275 1866 quid
296 1790 474 1866 quaereret?
515 1788 609 1864 Quod
630 1786 760 1865 primum
780 1788 878 1847 serunt
898 1786 1080 1848 Leontinum
1099 1785 1249 1866 fecisse15

201 1884 351 1962 Gorgiam,
380 1884 432 1962 qui
455 1903 649 1962 permagnum
672 1883 817 1961 quiddam
845 1882 995 1961 suscipere
1016 1903 1053 1944 ac
1074 1883 1205 1961 profiteri

200 1981 365 2056 videbatur,
375 2002 445 2042 curn
459 2002 492 2042 se
505 1982 545 2042 ad
559 1981 669 2054 omnia,
682 1982 721 2041 de
731 1980 840 2058 quibus
851 1980 979 2058 quisque
989 1980 1093 2041 audire
1106 1983 1203 2054 vellet,

200 2099 266 2141 esse
287 2091 423 2157 paratum
446 2079 653 2154 denuntiaret,
683 2090 788 2157 postea
811 2099 882 2139 vero
906 2081 996 2156 vulgo
1021 2081 1080 2140 hoc
1107 2080 1204 2139 facere

200 2187 362 2253 coeperunt
373 2175 524 2252 hodieque
533 2175 653 2249 faciunt,
663 2187 696 2235 ut
707 2176 789 2235 nulla
799 2174 836 2236 sit
847 2195 893 2236 res
905 2195 1003 2253 neque
1014 2186 1097 2236 tanta
1105 2196 1204 2253 neque

199 2283 261 2332 tam
277 2272 439 2350 improvisa
452 2291 551 2349 neque
570 2283 631 2332 tarn
646 2292 732 2345 nova,
748 2273 788 2333 de
801 2292 862 2350 qua
876 2292 908 2332 se
923 2292 985 2333 non
1000 2271 1110 2345 omnia,
1126 2291 1203 2349 quae
1219 2293 1249 2329 ιο

139 2398 185 2448 104
199 2370 259 2431 dici
273 2370 396 2448 possint,
412 2370 606 2448 profiteantur
626 2390 691 2430 esse
712 2369 852 2431 dicturos.
897 2370 990 2445 Quod
1004 2367 1029 2429 si
1043 2379 1081 2442 te,
1103 2370 1202 2442 Cotta,

197 2466 352 2527 arbitrarer
365 2478 417 2527 aut
431 2477 469 2539 te,
486 2464 606 2543 Sulpici,
622 2467 662 2527 de
681 2464 724 2526 cis
743 2466 832 2526 rebus
849 2465 953 2526 audire
966 2467 1050 2537 velle,
1066 2465 1204 2526 adduxis

198 2584 261 2624 sem
283 2566 343 2625 huc
362 2565 511 2624 Graecum
533 2563 672 2641 aliquem,
687 2563 740 2641 qui
759 2584 814 2624 nos
833 2563 917 2624 istius
932 2562 1016 2625 modi
1030 2562 1204 2640 disputatio

196 2661 286 2722 nibus
304 2664 464 2722 delectaret
474 2684 483 2736 3
503 2663 586 2738 quod
606 2682 645 2722 ne
663 2682 744 2722 nunc
763 2661 886 2739 quidem
901 2661 1021 2722 difficile
1039 2663 1120 2722 factu
1139 2673 1202 2722 est:

197 2770 242 2820 est
256 2759 336 2820 enim
349 2761 432 2837 apud
447 2763 490 2819 M.
507 2759 648 2820 Pisonem
663 2761 885 2820 adulescentem
906 2756 991 2841 [iam]
1011 2759 1083 2820 huic
1101 2759 1202 2820 studio
1218 2782 1246 2830 ²5

197 2857 342 2931 deditum,
372 2877 491 2918 summo
526 2859 619 2918 homo
650 2857 771 2934 ingenio
798 2856 953 2935 nostrique
981 2856 1200 2934 cupidissimus,

197 2953 410 3032 Peripateticus
424 2955 551 3028 Staseas,
566 2956 660 3014 homo
674 2953 762 3015 nobis
776 2974 849 3015 sane
862 2953 1013 3014 familiaris
1027 2965 1065 3026 et,
1078 2965 1111 3014 ut
1125 2954 1202 3015 inter

196 3049 334 3110 homines
352 3049 463 3128 peritos
486 3062 622 3111 constare
640 3049 762 3123 video,
754 3071 785 3110 ιιι
805 3050 856 3110 illo
870 3070 926 3111 suo
942 3071 1050 3127 genere
1064 3050 1200 3111 omniurn

144 3121 183 3181 ²3
150 3147 352 3262 05princeps'
395 3150 513 3224 ‘Quem
528 3159 561 3208 tu
580 3147 670 3208 mihi'
684 3147 781 3225 inquit
797 3148 917 3209 Mucius
934 3150 1093 3221 ‘Staseam
1108 3168 1200 3225 quem

136 3211 425 3322 ⁰⁵Peripateticum
449 3247 573 3306 narras?
614 3245 772 3306 Gerendus
789 3255 834 3305 est
853 3244 908 3305 tibi
923 3265 988 3306 mos
1004 3244 1201 3306 adulescenti·
1215 3268 1246 3317 30

195 3343 261 3416 bus,
277 3345 392 3417 Crasse,
414 3343 466 3421 qui
484 3363 546 3404 non
566 3342 673 3404 Graeci
693 3339 843 3424 [alicuius]
866 3342 1048 3404 cotidianam
1071 3341 1201 3419 loquaci·

227 3499 283 3548 M=
289 3498 344 3547 HE
440 3499 667 3561 osulpiciusom.
681 3498 715 3546 M
801 3515 831 3547 ιιι
851 3499 951 3561 possint
962 3498 1021 3546 H²
1038 3498 1187 3560 possentM
1193 3517 1199 3549 :

196 3565 338 3628 possuntL
430 3579 462 3626 25
480 3566 530 3613 iam
544 3580 594 3612 om.
607 3562 640 3611 M
720 3564 753 3612 26
770 3565 1198 3625 homo..cup1d1ss1must:

195 3631 366 3681 hominem..
380 3629 593 3692 ,cupidissimum
605 3646 658 3678 nce.
744 3644 774 3690 31
793 3629 902 3679 alicuius
913 3646 963 3678 om.
977 3627 1010 3676 M
