2648 4216
448 241 509 302 DE
524 240 735 303 ORATORE
777 241 820 322 115
855 304 857 310 ,
963 309 968 317 ,
998 271 1001 276 ·
1147 239 1251 331 89364

128 425 193 475 rem
210 426 250 468 ne
269 407 377 467 frustra
397 403 428 466 hi
449 403 598 487 talesviri
612 404 757 480 venerint,
775 416 806 467 te
822 405 1000 485 aliquando,
1015 409 1131 482 Crasse,

128 493 305 566 audiamus’
661 498 664 502 “

169 605 250 662 Tum
265 601 314 662 ille
330 607 381 663 ‘ut
393 601 436 663 ita
448 601 505 663 ista
519 622 585 664 esse
599 603 784 677 concedam,’
794 603 892 682 inquit
903 603 1043 679 ‘Antoni
1055 623 1133 682 quae
1148 580 1196 706 ⁹⁶⁰

128 710 198 778 sunt
212 701 300 761 valde
313 718 409 773 secus,
425 698 499 777 quid
514 697 588 759 mihi
604 695 661 781 [tu]
676 701 800 761 tandem
814 700 907 763 hodie
919 713 972 762 aut
992 701 1133 779 cuiquam
1149 671 1163 719 ³
1182 669 1196 718 ⁵

99 795 244 879 5homini
275 797 360 874 quod
387 795 448 858 dici
475 795 571 876 possit
598 795 765 875 reliquisti?
800 797 909 866 Dicam
942 799 1022 860 enim
1053 819 1130 873 vere,

126 893 300 956 amicissimi
309 893 457 968 homines,
469 896 553 973 quod
563 894 678 956 sentio:
699 915 790 974 saepe
798 916 855 975 ego
866 897 973 957 doctos
983 895 1130 971 homines,

128 991 202 1070 quid
216 991 287 1053 dico
307 994 420 1071 saepe?
453 991 548 1053 immo
568 1012 631 1053 non
652 1012 839 1071 numquam;
871 1013 961 1073 saepe
977 993 1059 1055 enim
1079 993 1132 1072 qui

127 1090 221 1169 potui,
250 1090 303 1168 qui
331 1110 405 1169 puer
432 1088 463 1151 in
486 1092 584 1168 iorum
607 1092 739 1153 venerim
764 1113 864 1171 neque
887 1093 959 1155 inde
987 1114 1130 1172 umquam

127 1188 240 1250 diutius
254 1210 345 1268 quam
360 1202 501 1270 quaestor
517 1191 668 1254 afuerim?
701 1195 763 1255 Sed
780 1205 881 1255 tamen
895 1193 1004 1267 audivi,
1020 1205 1054 1254 ut
1067 1192 1131 1254 heri

82 1307 115 1353 ro
127 1285 276 1361 dicebam,
300 1299 330 1349 et
352 1289 480 1350 Athenis
502 1309 572 1350 curn
596 1310 702 1365 essem,
725 1290 917 1352 doctissimos
940 1291 1017 1352 viros
1045 1301 1075 1352 et
1099 1290 1130 1352 in

127 1384 200 1446 Asia
213 1384 304 1446 istum
323 1384 422 1463 ipsum
438 1386 595 1465 Scepsium
617 1388 836 1461 Metrodorum,
851 1407 921 1448 cum
940 1389 979 1449 de
998 1386 1044 1449 his
1058 1386 1130 1466 ipsis

126 1485 215 1545 rebus
242 1472 408 1561 disputaret
420 1505 428 1558 3
463 1504 563 1562 neque
589 1503 661 1544 vero
688 1483 763 1545 mihi
791 1484 951 1563 quisquam
978 1483 1129 1563 copiosius

126 1602 270 1660 umquam
294 1581 375 1642 visus
396 1593 442 1642 est
463 1601 563 1659 neque
585 1580 722 1642 subtilius
746 1580 778 1641 in
799 1584 859 1643 hoc
879 1602 987 1661 genere
1007 1581 1129 1644 dicendi

125 1699 217 1758 quarn
244 1679 301 1742 iste
328 1679 420 1740 hodie
447 1698 513 1740 esse
542 1690 694 1741 versatus:
728 1680 812 1758 quod
839 1679 865 1740 si
889 1691 971 1752 esset
992 1679 1077 1741 aliter
1098 1691 1129 1742 et

82 1797 110 1847 15
124 1776 238 1855 aliquid
252 1776 454 1854 intellegerem
475 1773 516 1836 ab
534 1775 670 1837 Antonio
687 1775 938 1855 praetermissum,
954 1797 1016 1837 non
1031 1797 1127 1838 essem

125 1885 186 1933 tam
201 1872 364 1933 inurbanus
379 1884 409 1933 et
422 1892 519 1951 paene
533 1871 724 1948 inhumanus,
740 1885 774 1934 ut
787 1872 819 1934 in
834 1894 871 1935 eo
884 1894 1027 1954 gravarer,
1043 1876 1127 1953 quod

123 1990 178 2031 vos
206 1991 315 2049 cupere
343 1969 501 2031 sentirem’
543 1971 624 2030 Tum
652 1970 801 2050 Sulpicius
830 1975 886 2032 ‘an
914 1973 1002 2050 ergo'
1029 1971 1127 2051 inquit
1141 1980 1190 2045 ³⁶⁶

127 2067 253 2129 ‘oblitus
272 2088 313 2143 es,
334 2069 448 2142 Crasse,
472 2068 639 2129 Antonium
660 2070 702 2129 ita
721 2069 863 2147 partitum
882 2089 947 2132 esse
966 2081 1074 2144 tecum,
1093 2081 1128 2131 ut

124 2165 188 2245 ipse
203 2166 433 2227 instrumentum
444 2166 568 2227 oratoris
579 2179 748 2245 exponeret,
761 2167 816 2228 tibi
830 2167 893 2228 eius
902 2167 1127 2229 distinctionem

80 2287 112 2322 20
124 2277 214 2342 atque
228 2276 367 2326 ornatum
381 2265 597 2342 relinqueret?’
619 2263 681 2325 Hic
696 2264 745 2325 ille
756 2269 763 2296 ‘
771 2265 901 2342 primum
916 2265 982 2343 quis
991 2265 1127 2326 Antonio

123 2362 275 2441 permisit,’
296 2362 394 2440 inquit
417 2366 466 2422 ‘ut
489 2373 519 2422 et
537 2360 629 2439 partis
645 2364 756 2423 laceret
772 2374 803 2423 et
821 2375 919 2423 utram
937 2365 1026 2424 vellet
1046 2365 1127 2441 prior

122 2457 187 2536 ipse
211 2462 362 2521 sumeret?
397 2459 525 2533 Deinde,
551 2479 607 2537 ego
632 2457 655 2518 si
681 2471 761 2520 recte
782 2459 922 2535 intellexi,
946 2479 1016 2520 cum
1038 2461 1126 2521 valde

121 2557 248 2618 libenter
269 2558 412 2633 audirem,
439 2557 513 2618 mihi
537 2556 698 2618 coniuncte
719 2568 765 2619 est
786 2557 867 2618 visus
887 2558 927 2619 de
947 2569 1073 2635 utraque
1093 2578 1125 2618 re

121 2655 240 2717 dicere.'
283 2656 358 2716 ‘Ille
372 2657 459 2717 vero'
473 2654 570 2734 inquit
586 2655 676 2718 Cotta
692 2658 886 2716 ‘ornamenta
904 2654 1046 2715 orationis
1061 2674 1123 2715 non

77 2777 107 2828 ²⁵
121 2752 217 2830 attigit
234 2774 333 2832 neque
351 2774 418 2815 eam
439 2754 568 2828 laudern,
585 2773 621 2814 ex
642 2772 702 2830 qua
712 2750 884 2830 eloquentia
902 2771 1015 2812 nomen
1034 2771 1123 2812 suurn

120 2850 252 2913 invenit’
296 2854 415 2914 ‘Verba
449 2851 555 2931 igitur'
589 2851 687 2931 inquit
722 2852 847 2914 Crassus
881 2849 973 2910 ‘mihi
1003 2849 1123 2928 reliquit

120 2950 280 3025 Antonius,
296 2972 358 3012 rem
377 2951 442 3030 ipse
461 2950 606 3031 sumpsit!
647 2953 728 3010 Tum
748 2952 859 3013 Caesar
881 2948 931 3022 ‘si,
946 2949 1030 3026 quod
1048 2949 1123 3009 diffi·
1136 2958 1185 3025 ³⁶⁷

119 3045 204 3108 cilius
224 3059 276 3122 est,
299 3047 331 3110 id
352 3048 407 3108 tibi
428 3048 554 3127 reliquit,
576 3058 622 3109 est
642 3047 749 3108 nobis'
769 3045 867 3124 inquit
890 3050 1004 3120 ‘causa
1021 3066 1074 3106 cur
1092 3056 1123 3108 te

117 3145 221 3206 audire
236 3144 410 3224 cupiamus3
437 3145 494 3221 sin,
509 3147 592 3223 quod
605 3144 729 3219 facilius,
746 3143 799 3205 tibi
819 3163 910 3205 causa
923 3162 986 3203 non
1000 3153 1053 3219 est,
1069 3163 1122 3204 cur

151 3301 185 3349 M
194 3299 311 3350 =AEH
403 3299 597 3362 sistaom.M
675 3297 898 3362 4longeLvulg.
985 3307 1012 3348 tu
1025 3317 1067 3348 om
1091 3298 1125 3348 M

118 3366 311 3429 6egoom.M
398 3365 760 3429 8quipuerL:quiqueM
847 3367 877 3412 16
894 3373 922 3414 ur
937 3365 963 3413 in
980 3364 1026 3414 M:
1049 3365 1119 3414 utiL

117 3434 185 3496 vulg.
288 3449 322 3481 20
339 3440 490 3481 exornatum
509 3431 542 3480 M
638 3448 668 3480 21
688 3439 716 3480 ut
733 3429 862 3494 etvulg.:
889 3430 941 3479 mei
958 3429 1002 3478 M:
1032 3439 1117 3482 et...

117 3505 231 3547 sumeret
243 3495 341 3546 om,M
403 3513 437 3559 23
455 3497 591 3558 diligenter
601 3496 727 3546 Ruhnken
793 3512 825 3558 24
842 3496 935 3546 dicere.
968 3496 1075 3545 llleom.
1090 3494 1124 3544 M

117 3577 240 3675 {genum
253 3561 297 3612 M:
303 3561 453 3675 dipsuruML:
469 3562 526 3625 ipsa
536 3561 717 3611 suum'Schrlts
833 3576 865 3623 ²7
883 3559 970 3610 illeH
1057 3561 1121 3624 quid

243 3627 301 3675 asi
330 3642 381 3676 om.

148 3723 197 3758 erc,
210 3723 243 3758 os
255 3722 334 3757 oriar.
1021 3709 1053 3757 12
