2648 4216
440 269 500 328 DE
520 267 728 330 ORATORE
768 268 785 329 I
1124 270 1165 331 18
1178 293 1225 344 rao

101 436 145 497 ad
165 434 207 509 id,
221 437 306 514 quod
325 437 425 498 facere
444 436 548 515 possit,
573 428 796 500 detrudendum
817 441 911 518 puto!
942 426 1054 501 “Num
1075 449 1109 500 tu
1121 417 1166 476 ²9

102 529 209 610 igitur'
222 530 320 611 inquit
333 532 484 611 Sulpicius
498 539 566 595 ‘me
583 545 635 596 aut
654 535 735 595 hunc
754 536 875 597 Cottam
894 535 940 597 ius
955 535 1040 596 civile
1057 546 1110 596 aut
1126 508 1170 558 ¹³¹

100 648 168 689 rem
190 628 348 691 militarem
370 629 457 692 iubes
480 631 618 693 discere?
659 634 739 692 Nam
760 631 828 711 quis
851 634 891 693 ad
915 632 971 693 ista
992 652 1111 693 summa

101 736 195 805 atque
216 725 248 787 in
273 727 357 788 omni
378 748 487 806 genere
514 731 645 807 perlecta
672 740 771 808 potest
798 729 988 808 pervenirel’
1027 731 1109 791 Tum

72 841 87 891 5
101 823 154 885 ille
170 828 244 903 ‘ego
256 827 346 901 vero,’
359 824 458 905 inquit
473 828 574 905 ‘quod
587 826 619 887 in
633 826 719 888 vobis
737 826 884 905 egregiam
903 829 1055 905 quandam
1072 846 1109 888 ac

100 924 286 1001 praeclaram
299 922 434 985 indolem
447 926 488 987 ad
500 924 665 986 dicendum
679 945 745 986 esse
758 925 893 1002 cognovi,
908 924 1020 986 idcirco
1033 925 1109 986 haec

102 1020 229 1098 exposui
251 1021 354 1082 omnia
365 1043 375 1097 ς
404 1041 463 1083 nec
486 1022 580 1100 magis
603 1024 642 1084 ad
667 1042 720 1084 eos
744 1023 946 1096 deterrendos,
969 1020 1022 1100 qui
1045 1042 1108 1083 non

102 1128 237 1195 possent,
253 1138 345 1196 quam
365 1119 406 1180 ad
425 1138 488 1195 vos,
504 1118 557 1197 qui
578 1119 713 1198 possetis,
732 1121 921 1181 exacuendos
939 1138 1110 1180 accommo

103 1213 175 1275 davi
196 1215 364 1278 orationem
386 1237 485 1278 meam
495 1239 505 1293 3
532 1228 563 1278 et
581 1237 763 1295 quamquam
786 1216 816 1277 in
835 1228 962 1296 utroque
976 1227 1107 1278 vestrum

59 1334 91 1370 ro
103 1331 259 1373 summum
281 1333 347 1374 esse
368 1312 522 1391 ingenium
540 1313 733 1392 studiumque
750 1313 894 1392 perspexi,
908 1325 1010 1374 tamen
1022 1315 1107 1390 haec,

104 1429 183 1488 quae
205 1422 275 1472 sunt
295 1411 327 1472 in
349 1411 450 1490 specie
472 1411 579 1490 posita,
599 1415 638 1473 de
658 1412 768 1490 quibus
789 1415 874 1490 plura
893 1415 1018 1475 sortasse
1037 1413 1107 1487 dixi,

103 1526 208 1584 quam:
219 1508 317 1569 solent
339 1507 447 1570 Graeci
465 1508 574 1582 dicere,
589 1507 620 1568 in
637 1519 675 1582 te,
691 1507 812 1586 Sulpici,
827 1507 929 1569 divina
942 1520 1032 1585 sunt;
1050 1529 1109 1587 ego
1124 1535 1169 1587 ηπ

103 1602 186 1663 enim
209 1603 362 1665 neminem
380 1625 437 1666 nec
456 1617 541 1666 motu
560 1604 691 1683 corporis
708 1625 807 1683 neque
820 1604 887 1682 ipso
900 1605 1005 1666 habitu
1018 1617 1109 1684 atque

103 1702 202 1761 forma
221 1699 368 1779 aptiorem
390 1721 448 1762 nec
469 1721 544 1762 voce
570 1701 735 1780 pleniorem
762 1712 814 1762 aut
841 1700 1007 1762 suaviorem
1034 1701 1108 1761 mihi

58 1819 88 1869 ¹5
102 1795 209 1858 videor
231 1797 351 1859 audisse
361 1819 371 1872 3
398 1818 477 1877 quae
498 1797 607 1876 quibus
628 1818 648 1858 a
668 1809 774 1859 natura
797 1797 913 1858 minora
934 1800 1005 1858 data
1028 1808 1106 1872 sunt,

102 1904 206 1954 tamen
227 1893 303 1955 illud
324 1893 451 1973 adsequi
471 1907 606 1973 possunt,
622 1906 656 1955 ut
676 1894 728 1969 eis,
744 1914 822 1973 quae
843 1895 964 1968 habent,
988 1893 1108 1955 modice

102 2002 133 2052 et
148 1989 277 2052 scienter
289 2002 411 2053 utantur
423 2003 454 2052 et
467 2003 500 2053 ut
519 2011 559 2053 ne
576 1993 728 2053 dedeceat
773 1992 812 2051 Id
825 1990 906 2052 enim
920 2002 965 2052 est
979 1991 1108 2052 maxime

102 2088 259 2150 vitandum
281 2101 312 2151 et
334 2091 374 2151 de
395 2092 456 2150 hoc
477 2109 540 2150 uno
561 2088 685 2150 minime
700 2101 747 2151 est
762 2088 849 2150 facile
862 2089 1031 2167 praecipere
1044 2110 1107 2151 non

102 2185 179 2247 mihi
192 2189 294 2262 modo,
310 2186 363 2265 qui
377 2187 454 2250 sicut
467 2208 546 2249 unus
559 2187 768 2265 paterfamilias
782 2187 828 2248 his
842 2188 881 2248 de
892 2188 981 2248 rebus
991 2190 1106 2266 loquor,

57 2308 89 2344 ιο
102 2286 159 2346 sed
179 2284 269 2346 etiam
290 2284 348 2363 ipsi
368 2284 411 2346 illi
432 2284 554 2360 Roscio,
570 2305 661 2363 quem
681 2306 771 2364 saepe
790 2284 883 2346 audio
900 2284 1000 2345 dicere
1018 2296 1107 2363 eaput

101 2402 170 2445 esse
182 2382 253 2444 artis
266 2385 383 2458 decere,
398 2384 482 2462 quod
495 2395 596 2444 tamen
611 2404 704 2444 unum
724 2383 756 2444 id
770 2403 844 2457 esse,
859 2383 943 2460 quod
956 2381 1032 2442 tradi
1045 2394 1108 2443 arte

101 2499 166 2542 non
184 2480 288 2559 possit.
330 2483 400 2555 Sed,
416 2480 441 2541 si
460 2483 566 2559 placet,
582 2501 750 2542 sermonem
769 2480 829 2541 alio
847 2482 1056 2541 transferamus
1077 2492 1170 2548 et133

101 2589 207 2640 nostro
220 2598 305 2640 more
316 2578 489 2656 aliquando,
501 2599 563 2640 non
577 2578 733 2653 rhetorico,
744 2581 920 2656 loquamur)
962 2577 1107 2638 ‘Minime

102 2676 194 2749 vero‚’
215 2673 313 2753 inquit
334 2676 426 2737 Cotta
437 2696 447 2749 ς
476 2680 575 2736 ‘nunc
595 2675 676 2735 enim
696 2685 725 2735 te
739 2674 798 2735 iam
815 2695 970 2735 exoremus
984 2694 1107 2734 necesse

58 2793 88 2843 ²⁵
102 2783 158 2846 est,
173 2771 317 2851 quoniam
330 2771 441 2833 retines
455 2792 511 2834 nos
525 2772 557 2834 in
570 2775 629 2834 hoc
643 2772 743 2833 studio
756 2793 814 2833 nec
827 2774 866 2832 ad
879 2772 967 2832 aliam
982 2770 1107 2832 dimittis

101 2880 206 2943 artem,
230 2881 264 2930 ut
287 2868 376 2931 nobis
400 2870 538 2946 explices,
563 2868 707 2948 quicquid
731 2881 776 2930 est
800 2869 888 2942 istud,
911 2871 994 2946 quod
1017 2879 1050 2928 tu
1074 2867 1106 2928 in

102 2965 236 3027 dicendo
257 2978 343 3044 potes
353 2987 503 3045 3-neque
525 2967 605 3028 enim
629 2987 731 3027 sumus
753 2965 842 3026 nimis
863 2965 942 3025 avidi
952 2988 961 3039 ;
981 2964 1037 3025 ista
1055 2977 1108 3026 tua

102 3063 248 3125 mediocri
262 3064 435 3143 eloquentia
448 3059 583 3126 contenti
596 3064 832 3142 sumus-idque
842 3083 879 3124 ex
890 3073 919 3122 te
927 3062 1105 3140 quaerimus,

103 3161 151 3240 (ut
164 3181 204 3222 ne
216 3163 285 3239 plus
298 3182 355 3223 nos
368 3164 577 3240 adsequamur,
589 3183 679 3240 quam
693 3163 870 3241 quantulum
884 3171 917 3221 tu
931 3158 962 3219 in
976 3159 1107 3221 dicendo

59 3280 91 3330 ³⁰
102 3261 265 3320 adsecutus
285 3258 341 3338 es),
356 3258 509 3338 quoniam,
529 3279 607 3337 quae
627 3279 647 3319 a
666 3270 771 3319 natura
791 3257 958 3334 expetenda
978 3267 1055 3329 sunt,
1071 3277 1107 3318 ea

102 3353 179 3418 dicis
193 3375 255 3416 non
274 3356 364 3417 nimis
386 3358 492 3418 deesse
508 3355 605 3430 nobis,
620 3355 694 3434 quid
707 3366 858 3433 praeterea
871 3374 936 3414 esse
949 3355 1107 3414 adsumen-

102 3453 178 3514 dum
198 3456 324 3531 putes?’
364 3456 446 3516 Tum
468 3456 592 3517 Crassus
610 3452 750 3514 adridens
769 3450 859 3529 ‘quid
873 3453 996 3525 eenses,'
1010 3450 1106 3529 inquit
1117 3425 1169 3566 ἓξ

104 3551 221 3633 ‘Cotta
236 3549 294 3612 nisi
307 3550 440 3613 studium
453 3561 487 3614 et
498 3551 636 3615 ardorem
650 3549 801 3627 quendam
814 3546 946 3610 amoris?
965 3547 1030 3608 sine
1044 3568 1106 3626 quo

136 3661 186 3698 erc.
199 3661 233 3696 oa
245 3662 324 3699 onan
991 3645 1007 3694 3
