2648 4216
77 279 182 352 28124
471 279 514 338 Μ.
535 278 666 338 TVLLI
689 275 922 339 CICERONIS

192 454 294 524 posset
305 463 322 520 3¹
345 444 453 504 multas
475 442 565 505 etiam
590 445 663 504 ere
687 441 809 520 publica
831 441 994 504 seditiones
1021 447 1199 522 saepe'esse

170 578 171 583 κ
192 543 295 616 factas,
304 552 337 601 ut
348 561 421 602 cum
435 561 518 619 reges
532 550 633 601 essent
646 538 750 614 exacti,
762 550 796 599 ut
810 559 880 600 cum
894 539 1053 601 tribunicia
1065 551 1198 619 potestas

192 634 296 719 [esset]
309 636 471 699 constituta
479 658 488 711 ;
509 636 590 697 illam
606 636 742 698 Norbani
753 636 933 698 seditionem
943 657 980 697 ex
990 639 1073 698 luctu
1087 637 1198 699 civium

192 745 223 809 et
237 755 272 796 ex
287 734 447 813 Caepionis
462 734 542 809 odio,
558 734 611 813 qui
627 733 789 796 exercitum
803 734 952 808 amiserat,
966 755 1064 813 neque
1078 735 1199 814 'reprimi

132 855 177 906 125
192 832 324 910 potuisse
343 844 382 894 et
408 831 472 894 iure
499 852 565 893 esse
591 834 778 894 conflatam?
818 831 920 893 Potuit
947 831 997 893 bic
1024 835 1108 893 locus
1136 844 1226 904 tam5

190 949 309 1008 anceps,
326 940 387 990 tam
402 929 561 1002 inauditus,
575 941 636 988 tam
649 928 789 1002 lubricus,
801 939 864 989 tam
878 949 973 989 novus
987 928 1052 990 sine
1066 932 1199 1008 quadam

191 1025 358 1089 incredibili
378 1027 407 1087 vi
427 1047 463 1088 ac
484 1029 624 1088 facultate
645 1026 767 1087 dicendi
787 1025 929 1087 tractari?
970 1027 1053 1104 Quid
1079 1047 1136 1104 ego
1159 1029 1200 1089 de

193 1125 248 1186 Cn.
263 1124 366 1199 Manli,
383 1124 458 1203 quid
471 1126 510 1186 de
525 1127 564 1202 Q.
578 1123 669 1202 Regis
684 1123 944 1185 commiseratione
958 1123 1081 1185 dicam?
1115 1124 1199 1201 Quid

192 1223 231 1283 de
258 1221 323 1282 aliis
351 1222 646 1284 innumerabilibus?
695 1224 734 1282 In
761 1221 871 1300 quibus
898 1224 958 1282 hoc
978 1242 1042 1282 non
1069 1222 1199 1283 maxime

191 1319 299 1380 enituit
316 1322 400 1398 quod
417 1320 471 1381 tibi
492 1340 598 1381 omnes
619 1322 701 1394 dant,
715 1322 844 1381 acumen
865 1321 1021 1398 quoddam
1041 1320 1198 1399 singulare,
1214 1345 1246 1382 10

192 1419 246 1478 sed
261 1420 335 1479 haec
349 1418 424 1496 ipsa,
437 1439 515 1497 quae
533 1439 616 1480 nunc
635 1419 675 1479 ad
693 1421 742 1479 uie
761 1420 899 1496 delegare
912 1417 965 1491 vis,
981 1439 1018 1479 ea
1036 1438 1154 1497 semper
1167 1417 1200 1478 in

132 1479 178 1606 1²22
192 1526 222 1576 te
236 1514 344 1576 eximia
359 1527 389 1576 et
403 1515 587 1594 ¹praestantia
606 1517 745 1577 fuerunt'
785 1517 866 1576 Tum
881 1517 1006 1578 Catulus
1022 1520 1096 1595 ‘ego
1110 1518 1200 1577 vero'

191 1613 289 1693 inquit
311 1615 361 1675 ‘in
383 1615 468 1677 vobis
493 1618 552 1677 hoc
579 1615 708 1676 maxime
732 1613 871 1675 admirari
893 1616 987 1690 soleo,
1011 1616 1102 1693 quod,
1128 1634 1199 1675 cum

191 1711 341 1774 intervos
366 1712 397 1774 in
421 1712 553 1774 dicendo
576 1711 767 1773 dissimillimi
787 1711 867 1788 sitis,
881 1711 923 1772 ita
947 1723 1049 1772 tamen
1073 1723 1199 1790 uterque

191 1822 321 1872 vestrum
336 1811 424 1885 dicat,
440 1822 473 1871 ut
492 1809 520 1872 ei
539 1809 613 1870 nihil
632 1831 731 1888 neque
749 1831 768 1870 a
784 1821 890 1870 natura
903 1812 1084 1888 denegatum
1098 1830 1198 1888 neque
1214 1833 1244 1883 15

191 1929 210 1968 a
237 1909 373 1970 doctrina
400 1929 462 1969 non
490 1911 623 1970 delatum
651 1928 717 1970 esse
744 1907 897 1984 videatur;
928 1923 988 1986 qua
1014 1928 1055 1982 re,
1081 1909 1197 1982 Crasse,

192 2026 291 2085 neque
310 2019 342 2067 tu
362 2020 413 2067 tua
431 2006 575 2067 suavitate
593 2026 649 2068 nos
668 2005 806 2084 privabis,
821 2016 862 2081 ut,
878 2005 903 2066 si
922 2005 996 2082 quid
1010 2005 1050 2065 ab
1063 2003 1200 2065 Antonio

191 2116 244 2165 aut
257 2105 496 2183 praetermissum
510 2103 715 2166 aut'relictum
735 2103 781 2178 sit,
796 2124 859 2165 non
878 2103 1026 2182 explices3
1045 2123 1144 2179 neque
1159 2113 1198 2175 te,

193 2203 316 2277 Antoni,
341 2201 366 2263 si
390 2202 463 2281 quid
491 2222 554 2262 non
581 2201 697 2273 dixeris,
721 2199 955 2262 existimabimus
979 2220 1042 2260 non
1066 2197 1200 2276 potuisse

132 2319 179 2370 127
193 2301 293 2381 potius
307 2318 398 2378 quam
411 2322 430 2362 a
441 2303 550 2364 Crasso
560 2299 624 2362 dici
638 2298 795 2361 maluisse’
827 2297 889 2360 Hic
901 2299 1026 2360 Crassus
1042 2296 1132 2375 ‘quin
1147 2298 1198 2370 tu,’
1213 2324 1246 2358 20

192 2397 290 2476 inquit
313 2398 446 2473 ‘Antoni
469 2398 581 2460 omittis
603 2397 667 2471 ista,
690 2417 768 2476 quae
794 2395 983 2477 proposuisti,
1005 2414 1083 2473 quae
1107 2414 1199 2456 nemo

191 2499 300 2558 horum
312 2495 486 2558 desiderat:
509 2495 619 2574 quibus
638 2515 675 2556 ex
693 2493 767 2555 locis
786 2515 829 2568 ea,
845 2514 923 2572 quae
940 2492 1070 2554 dicenda
1083 2504 1154 2553 sunt
1168 2492 1199 2551 in

192 2594 298 2669 causis,
326 2593 526 2672 reperiantur;
555 2608 632 2671 quae
656 2610 883 2670 quamquama
905 2601 936 2652 te
958 2609 1038 2650 novo
1066 2591 1199 2668 quodam

193 2695 288 2754 modo
307 2693 515 2770 praeclareque
536 2689 684 2763 dicuntur,
705 2699 774 2749 sunt
796 2699 897 2748 tamen
915 2699 949 2749 et
969 2709 1001 2749 re
1019 2687 1152 2748 faciliora
1169 2698 1200 2748 et

193 2789 357 2869 praeceptis
371 2799 528 2867 pervagata
536 2809 545 2863 3
566 2787 616 2848 illa
629 2788 773 2865 deprome
786 2785 874 2847 nobis
889 2788 970 2847 unde
984 2785 1108 2859 adferas,
1121 2805 1199 2864 quae
1215 2803 1244 2853 25

194 2887 365 2967 saepissime
380 2897 486 2948 tractas
501 2906 678 2964 semperque
692 2885 852 2946 divinitus.’
906 2935 908 2938 Α
989 2882 991 2886 ⁴

135 3002 181 3049 128
238 2989 438 3063 ‘Depromam
461 2984 622 3063 equidem,'
644 2984 741 3062 inquit
766 2990 812 3046 ‘et
839 3000 901 3062 quo
928 2983 1042 3044 facilius
1070 2982 1101 3043 id
1129 2993 1200 3042 ate

194 3082 317 3160 exigam,
329 3085 410 3160 quod
421 3094 501 3162 peto,
511 3081 585 3142 nihil
596 3081 651 3143 tibi
664 3102 683 3142 a
696 3103 745 3144 me
759 3080 921 3161 postulanti
932 3081 1085 3142 recusabo.
1109 3081 1199 3140 Meae

229 3240 261 3286 M
272 3264 292 3280 =
305 3239 386 3288 ΑΕΗ
464 3255 475 3287 1
494 3240 659 3302 erepublica
671 3239 737 3303 vulg.
748 3258 754 3288 t
772 3239 835 3301 reip.
851 3239 925 3288 Mm:
943 3237 1006 3300 reip.
1021 3253 1097 3287 causa
1108 3237 1202 3285 maluit

194 3304 316 3354 Fn'edn'ch
383 3313 544 3367 gessetom.
559 3305 617 3354 Mm
684 3304 866 3365 4miseratM
929 3302 1202 3365 spotuissetiureM

195 3371 212 3419 8
230 3371 310 3419 Mallii
322 3369 363 3423 M²
487 3386 504 3433 9
521 3373 569 3420 hoc
582 3387 633 3419 non
647 3371 758 3420 maxime
770 3369 815 3417 M:
833 3371 883 3418 boc
896 3369 1007 3417 maxime
1020 3384 1071 3416 non
1085 3383 1126 3416 m:
1144 3382 1198 3415 non

196 3437 305 3485 maxime
324 3436 407 3484 hocL
509 3450 536 3484 11
556 3451 622 3497 quae
634 3451 738 3498 semper
748 3435 817 3483 Bake
885 3449 915 3496 19
933 3433 1040 3482 disseris
1054 3430 1087 3479 M
1166 3448 1199 3480 σε

195 3501 248 3550 sint
260 3519 314 3551 recc.
327 3518 377 3549 non
389 3500 456 3550 nulli
517 3516 550 3564 23
567 3517 634 3562 quae
646 3515 798 3563 quamquam
806 3498 874 3559 vulp.
887 3516 893 3548 ε
911 3514 1064 3560 quamquam
1072 3492 1104 3544 M
1167 3511 1198 3559 ²7

195 3567 279 3628 inquit
288 3567 418 3616 Antonius
427 3565 454 3632 L
552 3568 585 3615 28
602 3564 717 3628 petoA:
736 3563 870 3627 petamE:
896 3563 1055 3626 petoateL
