2648 4216
389 592 792 678 PRAEFATIO

126 812 218 871 errs
240 811 417 871 iamdudum
439 810 517 871 inter
536 830 643 871 omnes
665 822 781 871 constat
804 810 925 871 codices
947 808 1090 869 librorum

83 919 124 977 de
139 917 266 978 Oratore
280 917 488 976 Tullianorum
509 918 539 975 in
559 915 614 976 tria
633 918 740 978 cadere
757 935 875 994 genera.
921 913 981 992 Qui
1002 915 1090 974 nobis

83 1023 166 1083 haud
181 1041 285 1100 parum
301 1022 407 1082 stabile
422 1024 653 1083 fundamentum
668 1041 730 1100 quo
747 1021 877 1082 nitamur
891 1022 1044 1100 praebent,
1059 1022 1090 1079 hi

83 1149 123 1189 ne
139 1128 292 1191 Ellendtio
307 1129 414 1208 (1840)
428 1131 552 1207 quidem
564 1129 627 1191 viro
641 1131 680 1191 de
694 1131 840 1192 Cicerone
855 1130 969 1207 optime
984 1130 1091 1188 merito

83 1237 148 1296 noti
169 1247 256 1297 sunt:
285 1238 339 1298 sed
360 1248 465 1315 utpote
485 1257 566 1297 nono
586 1237 648 1297 sive
669 1238 789 1298 decimo
811 1237 931 1296 saeculo
951 1235 1089 1312 exscripti

82 1362 102 1402 a
120 1340 226 1402 scribis
245 1342 374 1404 indoctis
394 1342 451 1403 illis
471 1343 593 1420 quidem
611 1345 665 1404 sed
685 1342 799 1420 optima
818 1344 878 1402 fide
894 1344 1088 1420 archetypum

82 1459 230 1525 quantum
242 1459 380 1528 poterant
392 1451 595 1523 reddentibus,
607 1448 706 1527 magni
718 1460 787 1509 sunt
800 1447 936 1510 faciendi.
970 1449 1088 1508 Horum

83 1556 226 1615 familiam
241 1555 324 1617 ducit

206 1659 270 1740 (H)
293 1662 399 1723 Codex
414 1661 594 1723 Harleianus
611 1665 697 1741 2736.

123 1771 255 1828 Textum
270 1768 366 1829 scriba
381 1771 454 1829 alter
469 1772 559 1847 paulo
574 1768 719 1830 inferioris
733 1771 839 1831 aetatis
858 1790 894 1830 ex
911 1771 1004 1831 altero
1019 1772 1088 1830 satis

82 1873 165 1934 bono
191 1875 297 1935 codice
319 1875 463 1935 correxit:
493 1874 579 1936 tertia
603 1896 710 1936 manus
733 1875 844 1936 iudicio
869 1897 974 1954 parum
999 1888 1089 1937 cauto

82 1982 178 2058 prisca
198 1982 346 2058 quaedam
367 1980 488 2042 amovit.
535 1985 628 2042 Hunc
649 1984 713 2060 ipse
734 1984 763 2042 in
785 1985 896 2043 Museo
916 1981 1088 2042 Britannico

82 2086 205 2160 contuli,
229 2107 328 2165 neque
353 2107 443 2165 opem
468 2088 638 2149 collationis
661 2110 680 2149 a
704 2091 863 2150 Francisco
888 2091 1002 2150 Riihlio
1025 2089 1089 2149 viro

81 2193 258 2255 doctissimo
271 2197 365 2255 factae
378 2198 483 2274 sprevi.
525 2197 652 2257 Praebet
663 2207 763 2257 autem
776 2198 793 2259 i.
808 2199 915 2270 1-128,
931 2215 1069 2275 157-194
1080 2219 1088 2272 3

81 2301 110 2363 ii.
137 2323 253 2381 13-903
278 2301 307 2363 ii.
329 2302 429 2381 92-iii.
455 2322 489 2379 17
502 2327 511 2378 ;
535 2303 575 2364 iii.
599 2307 715 2364 110-ad
739 2305 837 2363 finem.
882 2305 1021 2380 Sequitur
1042 2304 1088 2363 vel

81 2410 175 2485 magis
190 2409 277 2482 lacer,
293 2419 323 2470 et
338 2411 368 2469 in
385 2431 445 2470 non
462 2411 551 2470 nullis
565 2409 638 2470 locis
659 2430 750 2470 manu
770 2430 832 2470 non
846 2410 974 2469 multum
990 2429 1088 2469 recen-

81 2518 156 2575 tiore
171 2518 326 2593 suppletus

205 2623 260 2699 (Α)
283 2622 388 2685 Codex
403 2622 598 2684 Abrincensis
615 2645 629 2682 2
634 2626 681 2700 38.

123 2730 230 2788 Insunt
252 2730 280 2789 ii.
305 2749 421 2808 19-505
443 2735 560 2808 60-245
573 2754 581 2805 3
603 2731 631 2790 ii.
653 2729 846 2804 288-iii.18;
867 2729 906 2788 iii.
930 2733 1067 2803 110-148
1079 2753 1087 2804 ;

81 2833 119 2892 iii.
137 2837 253 2911 171-ad
265 2837 315 2895 fin.
347 2838 459 2896 Manus
471 2837 619 2915 supplevit
629 2839 720 2897 altera
730 2835 757 2895 ii.
772 2854 930 2913 233·245;
951 2835 989 2895 iii.
1010 2839 1088 2908 148-

84 2957 148 3014 171.
183 2940 353 3002 Collatione
369 2963 440 3003 usus
456 2964 521 3003 sum
537 2963 554 3002 a
570 2941 809 3002 Schneidewinio
825 2943 875 3001 ilio
891 2943 975 3013 sacta,
989 2943 1042 3000 sed
1057 2951 1086 3000 et

80 3046 224 3108 lectiones
236 3068 310 3126 quas
325 3051 497 3110 auctoribus
509 3052 544 3110 E.
557 3051 596 3109 de
610 3047 772 3109 Iseutschio
786 3059 815 3107 et
827 3049 859 3106 F.
874 3045 1086 3124 Heerdegenio

79 3153 202 3232 praebet
229 3156 428 3218 Friedrichius
454 3177 515 3218 non
542 3157 665 3235 neglexi.
718 3158 790 3216 Non
818 3153 952 3215 eiusdem
981 3153 1085 3214 aetatis

80 3280 178 3338 neque
193 3261 263 3323 fidei
278 3275 339 3323 tam
355 3262 486 3342 integrae
501 3274 546 3324 est

204 3371 261 3448 (E)
284 3371 389 3432 Codex
405 3373 595 3450 Erlangensis
612 3373 679 3446 848.

122 3474 230 3536 'insunt
245 3478 262 3536 i.
283 3497 399 3554 1-1233
420 3477 449 3538 ii.
465 3499 571 3556 19-90,
587 3478 615 3538 ii.
628 3499 767 3556 92-2333
789 3479 816 3536 ii.
832 3474 949 3536 288-iii.
967 3495 1021 3552 175
1043 3478 1081 3536 iii.

82 3587 221 3657 110-148
232 3605 240 3658 ;
260 3581 299 3642 iii.
321 3586 435 3658 171-ad
452 3586 551 3645 finem.
594 3588 731 3646 Lacunas
750 3604 855 3645 manus
874 3603 977 3644 recens
992 3583 1030 3661 (ε)
1048 3601 1083 3642 cx

564 3714 594 3752 ιιι
