<?xml version="1.0" encoding="UTF-8"?>
<!DOCTYPE html PUBLIC "-//W3C//DTD XHTML 1.0 Transitional//EN"
    "http://www.w3.org/TR/xhtml1/DTD/xhtml1-transitional.dtd">
<html xmlns="http://www.w3.org/1999/xhtml" xml:lang="en" lang="en">
 <head>
  <title>
</title>
<meta http-equiv="Content-Type" content="text/html;charset=utf-8" />
  <meta name='ocr-system' content='tesseract 3.04.00' />
  <meta name='ocr-capabilities' content='ocr_page ocr_carea ocr_par ocr_line ocrx_word'/>
</head>
<body>
  <div class='ocr_page' id='page_1' title='image "./mtvlliciceronis01wilkgoog/mtvlliciceronis01wilkgoog_0171.png"; bbox 0 0 2648 4216; ppageno 0'>
   <div class='ocr_carea' id='block_1_1' title="bbox 84 257 931 334">
    <p class='ocr_par' dir='ltr' id='par_1_1' title="bbox 84 257 931 334">
     <span class='ocr_line' id='line_1_1' title="bbox 84 257 931 334; baseline -0.02 1"><span class='ocrx_word' id='word_1_1' title='bbox 84 271 190 334; x_wconf 63' lang='grc'><strong>’77312</strong></span> <span class='ocrx_word' id='word_1_2' title='bbox 479 258 523 318; x_wconf 91' lang='grc' dir='ltr'>Μ.</span> <span class='ocrx_word' id='word_1_3' title='bbox 546 258 675 318; x_wconf 87' lang='lat' dir='ltr'>TVLLI</span> <span class='ocrx_word' id='word_1_4' title='bbox 698 257 931 319; x_wconf 90' lang='lat' dir='ltr'>CICERONIS</span> 
     </span>
    </p>
   </div>
   <div class='ocr_carea' id='block_1_2' title="bbox 145 421 1260 2059">
    <p class='ocr_par' dir='ltr' id='par_1_2' title="bbox 145 421 1242 1182">
     <span class='ocr_line' id='line_1_2' title="bbox 145 421 1214 500; baseline 0.001 -20"><span class='ocrx_word' id='word_1_5' title='bbox 145 444 191 492; x_wconf 79' lang='lat'>312</span> <span class='ocrx_word' id='word_1_6' title='bbox 206 421 307 500; x_wconf 89' lang='lat' dir='ltr'>itaque</span> <span class='ocrx_word' id='word_1_7' title='bbox 321 424 368 484; x_wconf 89' lang='lat' dir='ltr'>vel</span> <span class='ocrx_word' id='word_1_8' title='bbox 382 443 413 483; x_wconf 90' lang='lat' dir='ltr'>re</span> <span class='ocrx_word' id='word_1_9' title='bbox 427 433 544 483; x_wconf 86' lang='lat' dir='ltr'>narrata</span> <span class='ocrx_word' id='word_1_10' title='bbox 558 433 588 482; x_wconf 94' lang='lat' dir='ltr'>et</span> <span class='ocrx_word' id='word_1_11' title='bbox 601 421 736 499; x_wconf 88' lang='lat' dir='ltr'>exposita</span> <span class='ocrx_word' id='word_1_12' title='bbox 756 441 846 500; x_wconf 86' lang='lat' dir='ltr'><strong>saepe</strong></span> <span class='ocrx_word' id='word_1_13' title='bbox 865 424 952 483; x_wconf 83' lang='lat' dir='ltr'>datur</span> <span class='ocrx_word' id='word_1_14' title='bbox 965 423 1006 483; x_wconf 93' lang='lat' dir='ltr'>ad</span> <span class='ocrx_word' id='word_1_15' title='bbox 1019 442 1214 483; x_wconf 88' lang='lat' dir='ltr'>commoven-</span> 
     </span>
     <span class='ocr_line' id='line_1_3' title="bbox 205 519 1214 598; baseline -0.003 -17"><span class='ocrx_word' id='word_1_16' title='bbox 205 522 262 581; x_wconf 94' lang='lat' dir='ltr'>dos</span> <span class='ocrx_word' id='word_1_17' title='bbox 275 519 392 581; x_wconf 90' lang='lat' dir='ltr'>animos</span> <span class='ocrx_word' id='word_1_18' title='bbox 407 519 594 598; x_wconf 86' lang='lat' dir='ltr'>digrediendi</span> <span class='ocrx_word' id='word_1_19' title='bbox 608 521 701 593; x_wconf 91' lang='lat' dir='ltr'>locus,</span> <span class='ocrx_word' id='word_1_20' title='bbox 717 521 764 580; x_wconf 90' lang='lat' dir='ltr'>vel</span> <span class='ocrx_word' id='word_1_21' title='bbox 777 519 959 598; x_wconf 87' lang='lat' dir='ltr'>argumentis</span> <span class='ocrx_word' id='word_1_22' title='bbox 979 519 1088 581; x_wconf 91' lang='lat' dir='ltr'>nostris</span> <span class='ocrx_word' id='word_1_23' title='bbox 1106 520 1214 580; x_wconf 84' lang='lat' dir='ltr'>contir-</span> 
     </span>
     <span class='ocr_line' id='line_1_4' title="bbox 206 615 1212 694; baseline 0 -17"><span class='ocrx_word' id='word_1_24' title='bbox 206 616 293 677; x_wconf 90' lang='lat' dir='ltr'>matis</span> <span class='ocrx_word' id='word_1_25' title='bbox 307 618 354 678; x_wconf 90' lang='lat' dir='ltr'>vel</span> <span class='ocrx_word' id='word_1_26' title='bbox 375 615 529 678; x_wconf 87' lang='lat' dir='ltr'>contrariis</span> <span class='ocrx_word' id='word_1_27' title='bbox 550 615 684 677; x_wconf 84' lang='lat' dir='ltr'>refutatis</span> <span class='ocrx_word' id='word_1_28' title='bbox 698 617 746 677; x_wconf 90' lang='lat' dir='ltr'>vel</span> <span class='ocrx_word' id='word_1_29' title='bbox 766 628 894 694; x_wconf 90' lang='lat' dir='ltr'>utroque</span> <span class='ocrx_word' id='word_1_30' title='bbox 915 618 984 677; x_wconf 94' lang='lat' dir='ltr'>loco</span> <span class='ocrx_word' id='word_1_31' title='bbox 997 618 1045 677; x_wconf 90' lang='lat' dir='ltr'>vel</span> <span class='ocrx_word' id='word_1_32' title='bbox 1059 616 1212 690; x_wconf 90' lang='lat' dir='ltr'>omnibus,</span> 
     </span>
     <span class='ocr_line' id='line_1_5' title="bbox 206 713 1214 792; baseline -0.002 -17"><span class='ocrx_word' id='word_1_33' title='bbox 206 714 231 776; x_wconf 88' lang='lat' dir='ltr'>si</span> <span class='ocrx_word' id='word_1_34' title='bbox 245 715 337 775; x_wconf 91' lang='lat' dir='ltr'>habet</span> <span class='ocrx_word' id='word_1_35' title='bbox 351 734 418 775; x_wconf 90' lang='lat' dir='ltr'>eam</span> <span class='ocrx_word' id='word_1_36' title='bbox 437 734 528 776; x_wconf 87' lang='lat' dir='ltr'>causa</span> <span class='ocrx_word' id='word_1_37' title='bbox 547 713 724 791; x_wconf 88' lang='lat' dir='ltr'>dignitatern</span> <span class='ocrx_word' id='word_1_38' title='bbox 742 725 833 792; x_wconf 91' lang='lat' dir='ltr'>atque</span> <span class='ocrx_word' id='word_1_39' title='bbox 852 713 981 792; x_wconf 91' lang='lat' dir='ltr'>copiam,</span> <span class='ocrx_word' id='word_1_40' title='bbox 996 725 1077 774; x_wconf 91' lang='lat' dir='ltr'>recte</span> <span class='ocrx_word' id='word_1_41' title='bbox 1095 713 1127 775; x_wconf 91' lang='lat' dir='ltr'>id</span> <span class='ocrx_word' id='word_1_42' title='bbox 1148 713 1214 775; x_wconf 90' lang='lat' dir='ltr'>tieri</span> 
     </span>
     <span class='ocr_line' id='line_1_6' title="bbox 205 813 1242 890; baseline -0.001 -18"><span class='ocrx_word' id='word_1_43' title='bbox 205 822 305 889; x_wconf 91' lang='lat' dir='ltr'>potest</span> <span class='ocrx_word' id='word_1_44' title='bbox 314 832 323 885; x_wconf 79' lang='lat'><em>3</em></span> <span class='ocrx_word' id='word_1_45' title='bbox 344 831 458 889; x_wconf 88' lang='lat' dir='ltr'>eaeque</span> <span class='ocrx_word' id='word_1_46' title='bbox 472 830 580 872; x_wconf 88' lang='lat' dir='ltr'>causae</span> <span class='ocrx_word' id='word_1_47' title='bbox 601 822 671 872; x_wconf 91' lang='lat' dir='ltr'>sunt</span> <span class='ocrx_word' id='word_1_48' title='bbox 691 813 731 873; x_wconf 86' lang='lat' dir='ltr'>ad</span> <span class='ocrx_word' id='word_1_49' title='bbox 751 814 924 890; x_wconf 88' lang='lat' dir='ltr'>augendum</span> <span class='ocrx_word' id='word_1_50' title='bbox 938 823 969 872; x_wconf 94' lang='lat' dir='ltr'>et</span> <span class='ocrx_word' id='word_1_51' title='bbox 981 814 1022 873; x_wconf 90' lang='lat' dir='ltr'>ad</span> <span class='ocrx_word' id='word_1_52' title='bbox 1040 813 1212 872; x_wconf 90' lang='lat' dir='ltr'>ornandum</span> <span class='ocrx_word' id='word_1_53' title='bbox 1228 832 1242 883; x_wconf 82' lang='lat'><strong>5</strong></span> 
     </span>
     <span class='ocr_line' id='line_1_7' title="bbox 205 907 1214 987; baseline 0.002 -19"><span class='ocrx_word' id='word_1_54' title='bbox 205 907 394 987; x_wconf 88' lang='lat' dir='ltr'>gravissimae</span> <span class='ocrx_word' id='word_1_55' title='bbox 415 919 506 985; x_wconf 91' lang='lat' dir='ltr'>atque</span> <span class='ocrx_word' id='word_1_56' title='bbox 528 908 726 987; x_wconf 88' lang='lat' dir='ltr'>plenissimae,</span> <span class='ocrx_word' id='word_1_57' title='bbox 753 928 831 986; x_wconf 91' lang='lat' dir='ltr'>quae</span> <span class='ocrx_word' id='word_1_58' title='bbox 855 908 999 986; x_wconf 91' lang='lat' dir='ltr'>plurimos</span> <span class='ocrx_word' id='word_1_59' title='bbox 1022 908 1117 969; x_wconf 89' lang='lat' dir='ltr'>exitus</span> <span class='ocrx_word' id='word_1_60' title='bbox 1138 909 1214 970; x_wconf 89' lang='lat' dir='ltr'>dant</span> 
     </span>
     <span class='ocr_line' id='line_1_8' title="bbox 206 1005 1214 1084; baseline 0 -18"><span class='ocrx_word' id='word_1_61' title='bbox 206 1007 246 1066; x_wconf 87' lang='lat' dir='ltr'>ad</span> <span class='ocrx_word' id='word_1_62' title='bbox 270 1005 333 1066; x_wconf 89' lang='lat' dir='ltr'>eius</span> <span class='ocrx_word' id='word_1_63' title='bbox 355 1005 438 1067; x_wconf 92' lang='lat' dir='ltr'>modi</span> <span class='ocrx_word' id='word_1_64' title='bbox 462 1005 685 1084; x_wconf 87' lang='lat' dir='ltr'>digressionem,</span> <span class='ocrx_word' id='word_1_65' title='bbox 704 1017 738 1066; x_wconf 93' lang='lat' dir='ltr'>ut</span> <span class='ocrx_word' id='word_1_66' title='bbox 760 1005 802 1067; x_wconf 87' lang='lat' dir='ltr'>eis</span> <span class='ocrx_word' id='word_1_67' title='bbox 823 1005 898 1066; x_wconf 92' lang='lat' dir='ltr'>locis</span> <span class='ocrx_word' id='word_1_68' title='bbox 918 1005 963 1066; x_wconf 91' lang='lat' dir='ltr'>uti</span> <span class='ocrx_word' id='word_1_69' title='bbox 983 1005 1078 1079; x_wconf 89' lang='lat' dir='ltr'>liceat,</span> <span class='ocrx_word' id='word_1_70' title='bbox 1101 1005 1214 1082; x_wconf 91' lang='lat' dir='ltr'>quibus</span> 
     </span>
     <span class='ocr_line' id='line_1_9' title="bbox 207 1102 1216 1182; baseline 0 -20"><span class='ocrx_word' id='word_1_71' title='bbox 207 1102 375 1163; x_wconf 88' lang='lat' dir='ltr'>animorum</span> <span class='ocrx_word' id='word_1_72' title='bbox 410 1103 541 1181; x_wconf 87' lang='lat' dir='ltr'>impetus</span> <span class='ocrx_word' id='word_1_73' title='bbox 562 1123 675 1177; x_wconf 88' lang='lat' dir='ltr'>eorum,</span> <span class='ocrx_word' id='word_1_74' title='bbox 702 1103 754 1182; x_wconf 93' lang='lat' dir='ltr'>qui</span> <span class='ocrx_word' id='word_1_75' title='bbox 780 1103 913 1178; x_wconf 89' lang='lat' dir='ltr'>audiant,</span> <span class='ocrx_word' id='word_1_76' title='bbox 942 1115 994 1163; x_wconf 93' lang='lat' dir='ltr'>aut</span> <span class='ocrx_word' id='word_1_77' title='bbox 1021 1103 1216 1181; x_wconf 90' lang='lat' dir='ltr'>impellantur</span> 
     </span>
    </p>

    <p class='ocr_par' dir='ltr' id='par_1_3' title="bbox 147 1199 1260 2059">
     <span class='ocr_line' id='line_1_10' title="bbox 147 1199 1212 1279; baseline 0.006 -25"><span class='ocrx_word' id='word_1_78' title='bbox 147 1219 194 1269; x_wconf 77' lang='lat'>3¹³</span> <span class='ocrx_word' id='word_1_79' title='bbox 206 1211 259 1260; x_wconf 91' lang='lat' dir='ltr'>aut</span> <span class='ocrx_word' id='word_1_80' title='bbox 279 1202 474 1261; x_wconf 88' lang='lat' dir='ltr'>reflectantur.</span> <span class='ocrx_word' id='word_1_81' title='bbox 517 1203 619 1278; x_wconf 89' lang='lat' dir='ltr'>Atque</span> <span class='ocrx_word' id='word_1_82' title='bbox 635 1200 726 1262; x_wconf 90' lang='lat' dir='ltr'>etiam</span> <span class='ocrx_word' id='word_1_83' title='bbox 747 1200 779 1261; x_wconf 93' lang='lat' dir='ltr'>in</span> <span class='ocrx_word' id='word_1_84' title='bbox 800 1201 852 1263; x_wconf 89' lang='lat' dir='ltr'>illo</span> <span class='ocrx_word' id='word_1_85' title='bbox 870 1203 1058 1279; x_wconf 89' lang='lat' dir='ltr'>reprehendo</span> <span class='ocrx_word' id='word_1_86' title='bbox 1072 1221 1133 1274; x_wconf 89' lang='lat' dir='ltr'>eos,</span> <span class='ocrx_word' id='word_1_87' title='bbox 1150 1199 1212 1277; x_wconf 91' lang='lat' dir='ltr'>qui,</span> 
     </span>
     <span class='ocr_line' id='line_1_11' title="bbox 207 1297 1260 1377; baseline 0 -20"><span class='ocrx_word' id='word_1_88' title='bbox 207 1318 285 1377; x_wconf 91' lang='lat' dir='ltr'>quae</span> <span class='ocrx_word' id='word_1_89' title='bbox 303 1297 425 1358; x_wconf 92' lang='lat' dir='ltr'>minime</span> <span class='ocrx_word' id='word_1_90' title='bbox 440 1298 525 1358; x_wconf 88' lang='lat' dir='ltr'>firma</span> <span class='ocrx_word' id='word_1_91' title='bbox 544 1309 622 1372; x_wconf 92' lang='lat' dir='ltr'>sunt,</span> <span class='ocrx_word' id='word_1_92' title='bbox 638 1318 674 1359; x_wconf 90' lang='lat' dir='ltr'>ea</span> <span class='ocrx_word' id='word_1_93' title='bbox 694 1297 791 1377; x_wconf 91' lang='lat' dir='ltr'>prima</span> <span class='ocrx_word' id='word_1_94' title='bbox 811 1300 972 1359; x_wconf 89' lang='lat' dir='ltr'>conlocant</span> <span class='ocrx_word' id='word_1_95' title='bbox 981 1321 990 1374; x_wconf 92' lang='lat'>;</span> <span class='ocrx_word' id='word_1_96' title='bbox 1011 1298 1043 1358; x_wconf 94' lang='lat' dir='ltr'>in</span> <span class='ocrx_word' id='word_1_97' title='bbox 1063 1318 1126 1376; x_wconf 92' lang='lat' dir='ltr'>quo</span> <span class='ocrx_word' id='word_1_98' title='bbox 1144 1298 1213 1358; x_wconf 90' lang='lat' dir='ltr'>illos</span> <span class='ocrx_word' id='word_1_99' title='bbox 1229 1322 1260 1357; x_wconf 86' lang='grc' dir='ltr'>ιο</span> 
     </span>
     <span class='ocr_line' id='line_1_12' title="bbox 208 1395 1214 1476; baseline 0 -21"><span class='ocrx_word' id='word_1_100' title='bbox 208 1415 329 1474; x_wconf 90' lang='lat' dir='ltr'>quoque</span> <span class='ocrx_word' id='word_1_101' title='bbox 357 1414 452 1456; x_wconf 88' lang='lat' dir='ltr'>errare</span> <span class='ocrx_word' id='word_1_102' title='bbox 483 1395 616 1470; x_wconf 90' lang='lat' dir='ltr'>arbitror,</span> <span class='ocrx_word' id='word_1_103' title='bbox 646 1396 707 1475; x_wconf 90' lang='lat' dir='ltr'>qui,</span> <span class='ocrx_word' id='word_1_104' title='bbox 736 1397 762 1457; x_wconf 91' lang='lat' dir='ltr'>si</span> <span class='ocrx_word' id='word_1_105' title='bbox 796 1396 992 1474; x_wconf 88' lang='lat' dir='ltr'>quando-id</span> <span class='ocrx_word' id='word_1_106' title='bbox 1020 1399 1103 1476; x_wconf 93' lang='lat' dir='ltr'>quod</span> <span class='ocrx_word' id='word_1_107' title='bbox 1138 1395 1214 1456; x_wconf 90' lang='lat' dir='ltr'>mihi</span> 
     </span>
     <span class='ocr_line' id='line_1_13' title="bbox 208 1492 1214 1573; baseline 0.004 -22"><span class='ocrx_word' id='word_1_108' title='bbox 208 1512 373 1570; x_wconf 90' lang='lat' dir='ltr'>numquam</span> <span class='ocrx_word' id='word_1_109' title='bbox 394 1492 638 1572; x_wconf 83' lang='lat' dir='ltr'>placuit—pluris</span> <span class='ocrx_word' id='word_1_110' title='bbox 659 1494 805 1556; x_wconf 90' lang='lat' dir='ltr'>adhibent</span> <span class='ocrx_word' id='word_1_111' title='bbox 825 1506 975 1573; x_wconf 90' lang='lat' dir='ltr'>patronos,</span> <span class='ocrx_word' id='word_1_112' title='bbox 992 1506 1025 1555; x_wconf 93' lang='lat' dir='ltr'>ut</span> <span class='ocrx_word' id='word_1_113' title='bbox 1042 1494 1074 1554; x_wconf 95' lang='lat' dir='ltr'>in</span> <span class='ocrx_word' id='word_1_114' title='bbox 1090 1513 1214 1573; x_wconf 89' lang='lat' dir='ltr'>quoque</span> 
     </span>
     <span class='ocr_line' id='line_1_14' title="bbox 208 1588 1214 1668; baseline -0.001 -18"><span class='ocrx_word' id='word_1_115' title='bbox 208 1608 312 1650; x_wconf 89' lang='lat' dir='ltr'>eorum</span> <span class='ocrx_word' id='word_1_116' title='bbox 324 1588 483 1650; x_wconf 91' lang='lat' dir='ltr'>minimum</span> <span class='ocrx_word' id='word_1_117' title='bbox 497 1601 604 1668; x_wconf 88' lang='lat' dir='ltr'>putant</span> <span class='ocrx_word' id='word_1_118' title='bbox 615 1610 688 1664; x_wconf 92' lang='lat' dir='ltr'>esse,</span> <span class='ocrx_word' id='word_1_119' title='bbox 700 1591 741 1651; x_wconf 87' lang='lat' dir='ltr'>ita</span> <span class='ocrx_word' id='word_1_120' title='bbox 754 1611 824 1652; x_wconf 91' lang='lat' dir='ltr'>eum</span> <span class='ocrx_word' id='word_1_121' title='bbox 835 1591 965 1668; x_wconf 91' lang='lat' dir='ltr'>primurn</span> <span class='ocrx_word' id='word_1_122' title='bbox 975 1594 1081 1653; x_wconf 91' lang='lat' dir='ltr'>volunt</span> <span class='ocrx_word' id='word_1_123' title='bbox 1094 1590 1214 1652; x_wconf 87' lang='lat' dir='ltr'>dicere:</span> 
     </span>
     <span class='ocr_line' id='line_1_15' title="bbox 208 1685 1211 1766; baseline 0.001 -20"><span class='ocrx_word' id='word_1_124' title='bbox 208 1706 254 1746; x_wconf 90' lang='lat' dir='ltr'>res</span> <span class='ocrx_word' id='word_1_125' title='bbox 269 1685 349 1747; x_wconf 93' lang='lat' dir='ltr'>enim</span> <span class='ocrx_word' id='word_1_126' title='bbox 363 1687 423 1748; x_wconf 92' lang='lat' dir='ltr'>hoc</span> <span class='ocrx_word' id='word_1_127' title='bbox 441 1689 581 1766; x_wconf 87' lang='lat' dir='ltr'>postulat,</span> <span class='ocrx_word' id='word_1_128' title='bbox 596 1699 630 1748; x_wconf 94' lang='lat' dir='ltr'>ut</span> <span class='ocrx_word' id='word_1_129' title='bbox 648 1708 752 1749; x_wconf 90' lang='lat' dir='ltr'>eorum</span> <span class='ocrx_word' id='word_1_130' title='bbox 771 1688 994 1766; x_wconf 89' lang='lat' dir='ltr'>exspectationi,</span> <span class='ocrx_word' id='word_1_131' title='bbox 1009 1687 1063 1766; x_wconf 94' lang='lat' dir='ltr'>qui</span> <span class='ocrx_word' id='word_1_132' title='bbox 1075 1687 1211 1760; x_wconf 87' lang='lat' dir='ltr'>audiunt,</span> 
     </span>
     <span class='ocr_line' id='line_1_16' title="bbox 208 1784 1259 1863; baseline 0 -19"><span class='ocrx_word' id='word_1_133' title='bbox 208 1804 300 1863; x_wconf 90' lang='lat' dir='ltr'>quarn</span> <span class='ocrx_word' id='word_1_134' title='bbox 314 1784 466 1845; x_wconf 88' lang='lat' dir='ltr'>celerrime</span> <span class='ocrx_word' id='word_1_135' title='bbox 481 1797 685 1859; x_wconf 91' lang='lat' dir='ltr'>succurratur;</span> <span class='ocrx_word' id='word_1_136' title='bbox 706 1785 755 1846; x_wconf 92' lang='lat' dir='ltr'>cui</span> <span class='ocrx_word' id='word_1_137' title='bbox 775 1785 802 1846; x_wconf 93' lang='lat' dir='ltr'>si</span> <span class='ocrx_word' id='word_1_138' title='bbox 822 1785 909 1846; x_wconf 92' lang='lat' dir='ltr'>initio</span> <span class='ocrx_word' id='word_1_139' title='bbox 929 1785 1001 1846; x_wconf 89' lang='lat' dir='ltr'>satis</span> <span class='ocrx_word' id='word_1_140' title='bbox 1018 1788 1131 1846; x_wconf 85' lang='lat' dir='ltr'>factum</span> <span class='ocrx_word' id='word_1_141' title='bbox 1148 1805 1212 1845; x_wconf 93' lang='lat' dir='ltr'>non</span> <span class='ocrx_word' id='word_1_142' title='bbox 1227 1809 1259 1858; x_wconf 81' lang='lat'>15</span> 
     </span>
     <span class='ocr_line' id='line_1_17' title="bbox 210 1879 1212 1960; baseline 0.002 -20"><span class='ocrx_word' id='word_1_143' title='bbox 210 1879 267 1955; x_wconf 84' lang='lat' dir='ltr'>sit3</span> <span class='ocrx_word' id='word_1_144' title='bbox 286 1883 382 1941; x_wconf 92' lang='lat' dir='ltr'>multo</span> <span class='ocrx_word' id='word_1_145' title='bbox 395 1883 462 1959; x_wconf 92' lang='lat' dir='ltr'>plus</span> <span class='ocrx_word' id='word_1_146' title='bbox 477 1881 515 1942; x_wconf 90' lang='lat' dir='ltr'>sit</span> <span class='ocrx_word' id='word_1_147' title='bbox 529 1881 561 1941; x_wconf 94' lang='lat' dir='ltr'>in</span> <span class='ocrx_word' id='word_1_148' title='bbox 575 1881 689 1960; x_wconf 91' lang='lat' dir='ltr'>reliqua</span> <span class='ocrx_word' id='word_1_149' title='bbox 699 1901 790 1942; x_wconf 91' lang='lat' dir='ltr'>causa</span> <span class='ocrx_word' id='word_1_150' title='bbox 802 1882 1021 1958; x_wconf 80' lang='lat' dir='ltr'>laborandum3</span> <span class='ocrx_word' id='word_1_151' title='bbox 1041 1884 1119 1943; x_wconf 84' lang='lat' dir='ltr'>male</span> <span class='ocrx_word' id='word_1_152' title='bbox 1130 1881 1212 1942; x_wconf 91' lang='lat' dir='ltr'>enim</span> 
     </span>
     <span class='ocr_line' id='line_1_18' title="bbox 210 1979 1215 2059; baseline 0.002 -22"><span class='ocrx_word' id='word_1_153' title='bbox 210 1997 242 2037; x_wconf 92' lang='lat' dir='ltr'>se</span> <span class='ocrx_word' id='word_1_154' title='bbox 264 1998 310 2038; x_wconf 89' lang='lat' dir='ltr'>res</span> <span class='ocrx_word' id='word_1_155' title='bbox 333 1979 432 2052; x_wconf 92' lang='lat' dir='ltr'>habet,</span> <span class='ocrx_word' id='word_1_156' title='bbox 456 1998 535 2057; x_wconf 86' lang='lat' dir='ltr'>quae</span> <span class='ocrx_word' id='word_1_157' title='bbox 555 1999 617 2040; x_wconf 94' lang='lat' dir='ltr'>non</span> <span class='ocrx_word' id='word_1_158' title='bbox 639 1979 747 2053; x_wconf 90' lang='lat' dir='ltr'>statim,</span> <span class='ocrx_word' id='word_1_159' title='bbox 766 1991 800 2040; x_wconf 89' lang='lat' dir='ltr'>ut</span> <span class='ocrx_word' id='word_1_160' title='bbox 820 1979 881 2041; x_wconf 93' lang='lat' dir='ltr'>dici</span> <span class='ocrx_word' id='word_1_161' title='bbox 902 1992 1010 2059; x_wconf 88' lang='lat' dir='ltr'>coepta</span> <span class='ocrx_word' id='word_1_162' title='bbox 1030 1991 1084 2053; x_wconf 91' lang='lat' dir='ltr'>est,</span> <span class='ocrx_word' id='word_1_163' title='bbox 1106 1979 1215 2040; x_wconf 90' lang='lat' dir='ltr'>melior</span> 
     </span>
    </p>
   </div>
   <div class='ocr_carea' id='block_1_3' title="bbox 149 2074 1215 2253">
    <p class='ocr_par' dir='ltr' id='par_1_4' title="bbox 149 2074 1215 2253">
     <span class='ocr_line' id='line_1_19' title="bbox 149 2074 1213 2156; baseline 0.003 -22"><span class='ocrx_word' id='word_1_164' title='bbox 149 2074 273 2143; x_wconf 78' lang='lat' dir='ltr'>314fieri</span> <span class='ocrx_word' id='word_1_165' title='bbox 293 2074 417 2135; x_wconf 90' lang='lat' dir='ltr'>videtur.</span> <span class='ocrx_word' id='word_1_166' title='bbox 461 2079 542 2154; x_wconf 86' lang='lat' dir='ltr'>Ergo</span> <span class='ocrx_word' id='word_1_167' title='bbox 562 2088 596 2137; x_wconf 93' lang='lat' dir='ltr'>ut</span> <span class='ocrx_word' id='word_1_168' title='bbox 616 2076 649 2137; x_wconf 93' lang='lat' dir='ltr'>in</span> <span class='ocrx_word' id='word_1_169' title='bbox 669 2089 786 2138; x_wconf 87' lang='lat' dir='ltr'>oratore</span> <span class='ocrx_word' id='word_1_170' title='bbox 806 2077 938 2156; x_wconf 91' lang='lat' dir='ltr'>optimus</span> <span class='ocrx_word' id='word_1_171' title='bbox 958 2077 1093 2156; x_wconf 89' lang='lat' dir='ltr'>quisque,</span> <span class='ocrx_word' id='word_1_172' title='bbox 1116 2076 1160 2137; x_wconf 89' lang='lat' dir='ltr'>sic</span> <span class='ocrx_word' id='word_1_173' title='bbox 1182 2075 1213 2137; x_wconf 94' lang='lat' dir='ltr'>in</span> 
     </span>
     <span class='ocr_line' id='line_1_20' title="bbox 209 2170 1215 2253; baseline 0.004 -23"><span class='ocrx_word' id='word_1_174' title='bbox 209 2170 343 2232; x_wconf 87' lang='lat' dir='ltr'>oratione</span> <span class='ocrx_word' id='word_1_175' title='bbox 353 2170 556 2234; x_wconf 86' lang='lat' dir='ltr'>firmissimum</span> <span class='ocrx_word' id='word_1_176' title='bbox 564 2176 709 2252; x_wconf 91' lang='lat' dir='ltr'>quodque</span> <span class='ocrx_word' id='word_1_177' title='bbox 720 2173 915 2253; x_wconf 89' lang='lat' dir='ltr'>sitprimum;</span> <span class='ocrx_word' id='word_1_178' title='bbox 934 2175 1009 2234; x_wconf 92' lang='lat' dir='ltr'>dum</span> <span class='ocrx_word' id='word_1_179' title='bbox 1023 2173 1098 2235; x_wconf 91' lang='lat' dir='ltr'>illud</span> <span class='ocrx_word' id='word_1_180' title='bbox 1112 2185 1215 2235; x_wconf 88' lang='lat' dir='ltr'>tamen</span> 
     </span>
    </p>
   </div>
   <div class='ocr_carea' id='block_1_4' title="bbox 149 2268 1262 3226">
    <p class='ocr_par' dir='ltr' id='par_1_5' title="bbox 149 2268 1262 3226">
     <span class='ocr_line' id='line_1_21' title="bbox 209 2268 1262 2349; baseline 0.004 -21"><span class='ocrx_word' id='word_1_181' title='bbox 209 2268 242 2329; x_wconf 94' lang='lat' dir='ltr'>in</span> <span class='ocrx_word' id='word_1_182' title='bbox 262 2280 388 2347; x_wconf 91' lang='lat' dir='ltr'>utroque</span> <span class='ocrx_word' id='word_1_183' title='bbox 409 2282 552 2345; x_wconf 85' lang='lat' dir='ltr'>teneatur,</span> <span class='ocrx_word' id='word_1_184' title='bbox 568 2283 602 2333; x_wconf 91' lang='lat' dir='ltr'>ut</span> <span class='ocrx_word' id='word_1_185' title='bbox 622 2291 666 2347; x_wconf 89' lang='lat' dir='ltr'>ea,</span> <span class='ocrx_word' id='word_1_186' title='bbox 684 2291 762 2349; x_wconf 89' lang='lat' dir='ltr'>quae</span> <span class='ocrx_word' id='word_1_187' title='bbox 779 2274 934 2344; x_wconf 90' lang='lat' dir='ltr'>excellent,</span> <span class='ocrx_word' id='word_1_188' title='bbox 948 2282 1103 2332; x_wconf 88' lang='lat' dir='ltr'>serventur</span> <span class='ocrx_word' id='word_1_189' title='bbox 1122 2270 1214 2332; x_wconf 92' lang='lat' dir='ltr'>etiam</span> <span class='ocrx_word' id='word_1_190' title='bbox 1229 2296 1262 2332; x_wconf 65' lang='grc' dir='ltr'>πο</span> 
     </span>
     <span class='ocr_line' id='line_1_22' title="bbox 209 2366 1214 2447; baseline 0.004 -22"><span class='ocrx_word' id='word_1_191' title='bbox 209 2366 250 2426; x_wconf 91' lang='lat' dir='ltr'>ad</span> <span class='ocrx_word' id='word_1_192' title='bbox 276 2368 476 2444; x_wconf 90' lang='lat' dir='ltr'>perorandum</span> <span class='ocrx_word' id='word_1_193' title='bbox 488 2389 497 2443; x_wconf 90' lang='lat'>;</span> <span class='ocrx_word' id='word_1_194' title='bbox 528 2367 554 2428; x_wconf 90' lang='lat' dir='ltr'>si</span> <span class='ocrx_word' id='word_1_195' title='bbox 581 2388 659 2447; x_wconf 89' lang='lat' dir='ltr'>quae</span> <span class='ocrx_word' id='word_1_196' title='bbox 686 2380 774 2429; x_wconf 88' lang='lat' dir='ltr'>emnt</span> <span class='ocrx_word' id='word_1_197' title='bbox 801 2367 972 2443; x_wconf 88' lang='lat' dir='ltr'>mediocria,</span> <span class='ocrx_word' id='word_1_198' title='bbox 1001 2388 1072 2428; x_wconf 90' lang='lat' dir='ltr'>nam</span> <span class='ocrx_word' id='word_1_199' title='bbox 1099 2367 1214 2429; x_wconf 88' lang='lat' dir='ltr'>vitiosis</span> 
     </span>
     <span class='ocr_line' id='line_1_23' title="bbox 210 2464 1216 2543; baseline 0.002 -20"><span class='ocrx_word' id='word_1_200' title='bbox 210 2483 358 2543; x_wconf 90' lang='lat' dir='ltr'>nusquam</span> <span class='ocrx_word' id='word_1_201' title='bbox 376 2485 441 2526; x_wconf 90' lang='lat' dir='ltr'>esse</span> <span class='ocrx_word' id='word_1_202' title='bbox 463 2477 581 2543; x_wconf 89' lang='lat' dir='ltr'>oportet</span> <span class='ocrx_word' id='word_1_203' title='bbox 599 2468 709 2540; x_wconf 91' lang='lat' dir='ltr'>locum,</span> <span class='ocrx_word' id='word_1_204' title='bbox 730 2466 761 2526; x_wconf 94' lang='lat' dir='ltr'>in</span> <span class='ocrx_word' id='word_1_205' title='bbox 780 2466 912 2527; x_wconf 89' lang='lat' dir='ltr'>mediam</span> <span class='ocrx_word' id='word_1_206' title='bbox 934 2466 1053 2525; x_wconf 88' lang='lat' dir='ltr'>turbam</span> <span class='ocrx_word' id='word_1_207' title='bbox 1071 2476 1162 2543; x_wconf 85' lang='lat' dir='ltr'>atque</span> <span class='ocrx_word' id='word_1_208' title='bbox 1183 2464 1216 2525; x_wconf 95' lang='lat' dir='ltr'>in</span> 
     </span>
     <span class='ocr_line' id='line_1_24' title="bbox 149 2563 1215 2640; baseline 0.007 -22"><span class='ocrx_word' id='word_1_209' title='bbox 149 2579 197 2633; x_wconf 79' lang='lat'>31⁵</span> <span class='ocrx_word' id='word_1_210' title='bbox 209 2582 328 2640; x_wconf 86' lang='lat' dir='ltr'>gregem</span> <span class='ocrx_word' id='word_1_211' title='bbox 357 2563 550 2625; x_wconf 89' lang='lat' dir='ltr'>coniciantur.</span> <span class='ocrx_word' id='word_1_212' title='bbox 609 2563 704 2625; x_wconf 87' lang='lat' dir='ltr'>Hisce</span> <span class='ocrx_word' id='word_1_213' title='bbox 732 2564 873 2624; x_wconf 91' lang='lat' dir='ltr'>omnibus</span> <span class='ocrx_word' id='word_1_214' title='bbox 901 2564 990 2624; x_wconf 89' lang='lat' dir='ltr'>rebus</span> <span class='ocrx_word' id='word_1_215' title='bbox 1019 2563 1215 2625; x_wconf 89' lang='lat' dir='ltr'>consideratis</span> 
     </span>
     <span class='ocr_line' id='line_1_25' title="bbox 210 2661 1215 2741; baseline 0.002 -21"><span class='ocrx_word' id='word_1_216' title='bbox 210 2671 275 2720; x_wconf 91' lang='lat' dir='ltr'>tum</span> <span class='ocrx_word' id='word_1_217' title='bbox 295 2661 426 2740; x_wconf 93' lang='lat' dir='ltr'>denique</span> <span class='ocrx_word' id='word_1_218' title='bbox 450 2661 490 2736; x_wconf 93' lang='lat' dir='ltr'>id,</span> <span class='ocrx_word' id='word_1_219' title='bbox 513 2663 597 2740; x_wconf 91' lang='lat' dir='ltr'>quod</span> <span class='ocrx_word' id='word_1_220' title='bbox 617 2662 748 2741; x_wconf 92' lang='lat' dir='ltr'>primum</span> <span class='ocrx_word' id='word_1_221' title='bbox 768 2673 814 2723; x_wconf 92' lang='lat' dir='ltr'>est</span> <span class='ocrx_word' id='word_1_222' title='bbox 834 2661 1007 2735; x_wconf 90' lang='lat' dir='ltr'>dicendum,</span> <span class='ocrx_word' id='word_1_223' title='bbox 1029 2673 1215 2740; x_wconf 90' lang='lat' dir='ltr'>postremum</span> 
     </span>
     <span class='ocr_line' id='line_1_26' title="bbox 210 2758 1261 2837; baseline 0.003 -19"><span class='ocrx_word' id='word_1_224' title='bbox 210 2760 293 2818; x_wconf 89' lang='lat' dir='ltr'>soleo</span> <span class='ocrx_word' id='word_1_225' title='bbox 308 2758 447 2837; x_wconf 87' lang='lat' dir='ltr'>cogitare,</span> <span class='ocrx_word' id='word_1_226' title='bbox 456 2779 518 2837; x_wconf 92' lang='lat' dir='ltr'>quo</span> <span class='ocrx_word' id='word_1_227' title='bbox 528 2771 595 2820; x_wconf 90' lang='lat' dir='ltr'>utar</span> <span class='ocrx_word' id='word_1_228' title='bbox 608 2760 738 2821; x_wconf 81' lang='lat' dir='ltr'>exordio</span> <span class='ocrx_word' id='word_1_229' title='bbox 768 2761 849 2820; x_wconf 92' lang='lat' dir='ltr'>Nam</span> <span class='ocrx_word' id='word_1_230' title='bbox 863 2759 888 2820; x_wconf 90' lang='lat' dir='ltr'>si</span> <span class='ocrx_word' id='word_1_231' title='bbox 903 2759 1070 2837; x_wconf 89' lang='lat' dir='ltr'>quandoid</span> <span class='ocrx_word' id='word_1_232' title='bbox 1084 2759 1216 2837; x_wconf 90' lang='lat' dir='ltr'>primum</span> <span class='ocrx_word' id='word_1_233' title='bbox 1232 2785 1261 2836; x_wconf 83' lang='lat'>²5</span> 
     </span>
     <span class='ocr_line' id='line_1_27' title="bbox 210 2855 1216 2930; baseline 0.001 -14"><span class='ocrx_word' id='word_1_234' title='bbox 210 2855 343 2917; x_wconf 89' lang='lat' dir='ltr'>invenire</span> <span class='ocrx_word' id='word_1_235' title='bbox 370 2856 460 2930; x_wconf 87' lang='lat' dir='ltr'>volui,</span> <span class='ocrx_word' id='word_1_236' title='bbox 489 2859 606 2917; x_wconf 91' lang='lat' dir='ltr'>nullum</span> <span class='ocrx_word' id='word_1_237' title='bbox 634 2856 708 2918; x_wconf 92' lang='lat' dir='ltr'>mihi</span> <span class='ocrx_word' id='word_1_238' title='bbox 736 2857 864 2918; x_wconf 89' lang='lat' dir='ltr'>occurrit</span> <span class='ocrx_word' id='word_1_239' title='bbox 892 2856 950 2917; x_wconf 93' lang='lat' dir='ltr'>nisi</span> <span class='ocrx_word' id='word_1_240' title='bbox 977 2868 1030 2917; x_wconf 92' lang='lat' dir='ltr'>aut</span> <span class='ocrx_word' id='word_1_241' title='bbox 1057 2856 1133 2917; x_wconf 88' lang='lat' dir='ltr'>exile</span> <span class='ocrx_word' id='word_1_242' title='bbox 1163 2867 1216 2917; x_wconf 89' lang='lat' dir='ltr'>aut</span> 
     </span>
     <span class='ocr_line' id='line_1_28' title="bbox 159 2952 1216 3033; baseline -0.002 -17"><span class='ocrx_word' id='word_1_243' title='bbox 159 2954 198 3031; x_wconf 80' lang='lat'>78</span> <span class='ocrx_word' id='word_1_244' title='bbox 212 2952 400 3032; x_wconf 90' lang='lat' dir='ltr'>nugatorium</span> <span class='ocrx_word' id='word_1_245' title='bbox 420 2964 472 3013; x_wconf 91' lang='lat' dir='ltr'>aut</span> <span class='ocrx_word' id='word_1_246' title='bbox 491 2955 611 3033; x_wconf 90' lang='lat' dir='ltr'>vulgare</span> <span class='ocrx_word' id='word_1_247' title='bbox 623 3018 627 3025; x_wconf 61' lang='grc'><em>,</em></span> <span class='ocrx_word' id='word_1_248' title='bbox 638 2965 690 3014; x_wconf 89' lang='lat' dir='ltr'>aut</span> <span class='ocrx_word' id='word_1_249' title='bbox 717 2974 887 3015; x_wconf 89' lang='lat' dir='ltr'>commune.</span> <span class='ocrx_word' id='word_1_250' title='bbox 944 2953 1094 3032; x_wconf 92' lang='lat' dir='ltr'>Principia</span> <span class='ocrx_word' id='word_1_251' title='bbox 1113 2964 1216 3014; x_wconf 90' lang='lat' dir='ltr'>autern</span> 
     </span>
     <span class='ocr_line' id='line_1_29' title="bbox 211 3049 1216 3128; baseline -0.001 -17"><span class='ocrx_word' id='word_1_252' title='bbox 211 3049 333 3111; x_wconf 91' lang='lat' dir='ltr'>dicendi</span> <span class='ocrx_word' id='word_1_253' title='bbox 353 3069 471 3128; x_wconf 90' lang='lat' dir='ltr'>semper</span> <span class='ocrx_word' id='word_1_254' title='bbox 499 3069 569 3111; x_wconf 90' lang='lat' dir='ltr'>curn</span> <span class='ocrx_word' id='word_1_255' title='bbox 598 3061 737 3111; x_wconf 83' lang='lat' dir='ltr'>accurata</span> <span class='ocrx_word' id='word_1_256' title='bbox 764 3062 795 3112; x_wconf 91' lang='lat' dir='ltr'>et</span> <span class='ocrx_word' id='word_1_257' title='bbox 821 3063 910 3112; x_wconf 88' lang='lat' dir='ltr'>acuta</span> <span class='ocrx_word' id='word_1_258' title='bbox 930 3062 961 3111; x_wconf 94' lang='lat' dir='ltr'>et</span> <span class='ocrx_word' id='word_1_259' title='bbox 981 3050 1125 3111; x_wconf 88' lang='lat' dir='ltr'>instructa</span> <span class='ocrx_word' id='word_1_260' title='bbox 1150 3070 1216 3111; x_wconf 90' lang='lat' dir='ltr'>sen-</span> 
     </span>
     <span class='ocr_line' id='line_1_30' title="bbox 211 3145 1216 3226; baseline 0.002 -20"><span class='ocrx_word' id='word_1_261' title='bbox 211 3145 320 3221; x_wconf 90' lang='lat' dir='ltr'>tentiis,</span> <span class='ocrx_word' id='word_1_262' title='bbox 335 3158 406 3225; x_wconf 86' lang='lat' dir='ltr'>apta</span> <span class='ocrx_word' id='word_1_263' title='bbox 415 3145 521 3221; x_wconf 86' lang='lat' dir='ltr'>verbis,</span> <span class='ocrx_word' id='word_1_264' title='bbox 537 3159 602 3208; x_wconf 91' lang='lat' dir='ltr'>tum</span> <span class='ocrx_word' id='word_1_265' title='bbox 615 3167 687 3208; x_wconf 88' lang='lat' dir='ltr'>vero</span> <span class='ocrx_word' id='word_1_266' title='bbox 700 3167 857 3209; x_wconf 87' lang='lat' dir='ltr'>causarum</span> <span class='ocrx_word' id='word_1_267' title='bbox 871 3147 991 3226; x_wconf 86' lang='lat' dir='ltr'>propria</span> <span class='ocrx_word' id='word_1_268' title='bbox 1003 3167 1070 3209; x_wconf 89' lang='lat' dir='ltr'>esse</span> <span class='ocrx_word' id='word_1_269' title='bbox 1083 3148 1216 3224; x_wconf 86' lang='lat' dir='ltr'>debent;</span> 
     </span>
    </p>
   </div>
   <div class='ocr_carea' id='block_1_5' title="bbox 212 3299 1218 3692">
    <p class='ocr_par' dir='ltr' id='par_1_6' title="bbox 212 3299 1218 3692">
     <span class='ocr_line' id='line_1_31' title="bbox 243 3299 1215 3363; baseline 0.004 -12"><span class='ocrx_word' id='word_1_270' title='bbox 243 3301 277 3351; x_wconf 92' lang='lat' dir='ltr'><em>M</em></span> <span class='ocrx_word' id='word_1_271' title='bbox 286 3325 308 3343; x_wconf 91' lang='lat'><em>=</em></span> <span class='ocrx_word' id='word_1_272' title='bbox 320 3299 404 3350; x_wconf 86' lang='grc' dir='ltr'>ΑΕΗ</span> <span class='ocrx_word' id='word_1_273' title='bbox 500 3317 516 3349; x_wconf 75' lang='lat' dir='ltr'>a</span> <span class='ocrx_word' id='word_1_274' title='bbox 533 3303 628 3353; x_wconf 83' lang='lat' dir='ltr'>nostris</span> <span class='ocrx_word' id='word_1_275' title='bbox 644 3318 719 3352; x_wconf 72' lang='lat' dir='ltr'>racc:</span> <span class='ocrx_word' id='word_1_276' title='bbox 740 3319 791 3355; x_wconf 86' lang='lat' dir='ltr'>om.</span> <span class='ocrx_word' id='word_1_277' title='bbox 809 3301 879 3352; x_wconf 81' lang='lat' dir='ltr'>codd.</span> <span class='ocrx_word' id='word_1_278' title='bbox 981 3317 997 3363; x_wconf 83' lang='grc'>3</span> <span class='ocrx_word' id='word_1_279' title='bbox 1014 3302 1055 3350; x_wconf 86' lang='lat' dir='ltr'>vel</span> <span class='ocrx_word' id='word_1_280' title='bbox 1074 3309 1154 3351; x_wconf 88' lang='lat' dir='ltr'>contr.</span> <span class='ocrx_word' id='word_1_281' title='bbox 1169 3302 1215 3354; x_wconf 80' lang='lat' dir='ltr'>ref.</span> 
     </span>
     <span class='ocr_line' id='line_1_32' title="bbox 212 3366 1218 3430; baseline 0.002 -15"><span class='ocrx_word' id='word_1_282' title='bbox 212 3367 279 3417; x_wconf 82' lang='lat' dir='ltr'>conf.</span> <span class='ocrx_word' id='word_1_283' title='bbox 302 3367 335 3416; x_wconf 98' lang='lat' dir='ltr'><em>M</em></span> <span class='ocrx_word' id='word_1_284' title='bbox 397 3367 455 3416; x_wconf 88' lang='lat' dir='ltr'>loco</span> <span class='ocrx_word' id='word_1_285' title='bbox 478 3384 529 3416; x_wconf 91' lang='lat' dir='ltr'>om.</span> <span class='ocrx_word' id='word_1_286' title='bbox 546 3367 570 3415; x_wconf 92' lang='lat' dir='ltr'><em>L</em></span> <span class='ocrx_word' id='word_1_287' title='bbox 685 3384 701 3429; x_wconf 88' lang='grc'><strong>4</strong></span> <span class='ocrx_word' id='word_1_288' title='bbox 718 3384 796 3418; x_wconf 78' lang='lat' dir='ltr'>causa</span> <span class='ocrx_word' id='word_1_289' title='bbox 816 3367 950 3430; x_wconf 83' lang='lat' dir='ltr'>dignitatis</span> <span class='ocrx_word' id='word_1_290' title='bbox 969 3375 1047 3429; x_wconf 81' lang='lat' dir='ltr'>atque</span> <span class='ocrx_word' id='word_1_291' title='bbox 1066 3383 1168 3417; x_wconf 78' lang='lat' dir='ltr'>causam</span> <span class='ocrx_word' id='word_1_292' title='bbox 1185 3366 1218 3416; x_wconf 92' lang='lat' dir='ltr'><em>M</em></span> 
     </span>
     <span class='ocr_line' id='line_1_33' title="bbox 212 3430 1215 3494; baseline 0.003 -14"><span class='ocrx_word' id='word_1_293' title='bbox 212 3447 228 3493; x_wconf 88' lang='lat'>5</span> <span class='ocrx_word' id='word_1_294' title='bbox 245 3434 390 3494; x_wconf 80' lang='lat' dir='ltr'>augendum</span> <span class='ocrx_word' id='word_1_295' title='bbox 402 3431 453 3482; x_wconf 81' lang='lat' dir='ltr'>ovd.</span> <span class='ocrx_word' id='word_1_296' title='bbox 469 3430 604 3482; x_wconf 73' lang='lat' dir='ltr'>Lambini:</span> <span class='ocrx_word' id='word_1_297' title='bbox 622 3434 750 3494; x_wconf 78' lang='lat' dir='ltr'>agendum</span> <span class='ocrx_word' id='word_1_298' title='bbox 762 3433 830 3483; x_wconf 77' lang='lat' dir='ltr'>codd.</span> <span class='ocrx_word' id='word_1_299' title='bbox 916 3434 1042 3483; x_wconf 80' lang='lat' dir='ltr'>orandum</span> <span class='ocrx_word' id='word_1_300' title='bbox 1053 3430 1087 3480; x_wconf 96' lang='grc' dir='ltr'><em>Μ</em></span> <span class='ocrx_word' id='word_1_301' title='bbox 1184 3449 1215 3483; x_wconf 84' lang='lat' dir='ltr'>ra</span> 
     </span>
     <span class='ocr_line' id='line_1_34' title="bbox 213 3495 1218 3560; baseline 0 -14"><span class='ocrx_word' id='word_1_302' title='bbox 213 3504 242 3546; x_wconf 89' lang='lat' dir='ltr'>ut</span> <span class='ocrx_word' id='word_1_303' title='bbox 254 3498 280 3545; x_wconf 89' lang='lat' dir='ltr'>in</span> <span class='ocrx_word' id='word_1_304' title='bbox 291 3513 393 3559; x_wconf 86' lang='lat' dir='ltr'>quoque</span> <span class='ocrx_word' id='word_1_305' title='bbox 406 3495 445 3546; x_wconf 84' lang='lat' dir='ltr'>L:</span> <span class='ocrx_word' id='word_1_306' title='bbox 463 3499 499 3546; x_wconf 91' lang='lat' dir='ltr'>uti</span> <span class='ocrx_word' id='word_1_307' title='bbox 511 3514 615 3560; x_wconf 87' lang='lat' dir='ltr'>quoque</span> <span class='ocrx_word' id='word_1_308' title='bbox 626 3496 660 3546; x_wconf 96' lang='grc' dir='ltr'><em>Μ</em></span> <span class='ocrx_word' id='word_1_309' title='bbox 732 3499 762 3548; x_wconf 86' lang='lat'>18</span> <span class='ocrx_word' id='word_1_310' title='bbox 779 3505 819 3548; x_wconf 82' lang='lat' dir='ltr'>est</span> <span class='ocrx_word' id='word_1_311' title='bbox 830 3499 868 3548; x_wconf 78' lang='lat' dir='ltr'>sic</span> <span class='ocrx_word' id='word_1_312' title='bbox 879 3496 940 3548; x_wconf 87' lang='lat' dir='ltr'>etL</span> <span class='ocrx_word' id='word_1_313' title='bbox 1008 3513 1040 3545; x_wconf 87' lang='lat' dir='ltr'>aa</span> <span class='ocrx_word' id='word_1_314' title='bbox 1056 3505 1134 3559; x_wconf 81' lang='lat' dir='ltr'>atque</span> <span class='ocrx_word' id='word_1_315' title='bbox 1145 3497 1172 3547; x_wconf 92' lang='lat' dir='ltr'>in</span> <span class='ocrx_word' id='word_1_316' title='bbox 1184 3497 1218 3546; x_wconf 88' lang='grc' dir='ltr'><em>Μ</em></span> 
     </span>
     <span class='ocr_line' id='line_1_35' title="bbox 212 3562 1214 3627; baseline 0.003 -17"><span class='ocrx_word' id='word_1_317' title='bbox 212 3578 245 3625; x_wconf 80' lang='lat'>²3</span> <span class='ocrx_word' id='word_1_318' title='bbox 257 3563 417 3611; x_wconf 79' lang='lat' dir='ltr'>conicientur</span> <span class='ocrx_word' id='word_1_319' title='bbox 424 3562 537 3612; x_wconf 77' lang='lat' dir='ltr'>Ellendt:</span> <span class='ocrx_word' id='word_1_320' title='bbox 550 3562 732 3613; x_wconf 84' lang='lat' dir='ltr'>coiciunturM</span> <span class='ocrx_word' id='word_1_321' title='bbox 738 3582 744 3612; x_wconf 76' lang='grc' dir='ltr'><strong>ι</strong></span> <span class='ocrx_word' id='word_1_322' title='bbox 757 3565 909 3613; x_wconf 89' lang='lat' dir='ltr'>coiieientur</span> <span class='ocrx_word' id='word_1_323' title='bbox 919 3562 957 3611; x_wconf 90' lang='lat'>0:</span> <span class='ocrx_word' id='word_1_324' title='bbox 970 3563 1214 3627; x_wconf 70' lang='lat' dir='ltr'>coniiciunturvulg.</span> 
     </span>
     <span class='ocr_line' id='line_1_36' title="bbox 212 3627 1009 3692; baseline 0.003 -16"><span class='ocrx_word' id='word_1_325' title='bbox 212 3643 244 3690; x_wconf 77' lang='lat'>27</span> <span class='ocrx_word' id='word_1_326' title='bbox 261 3634 305 3676; x_wconf 82' lang='lat' dir='ltr'>aut</span> <span class='ocrx_word' id='word_1_327' title='bbox 317 3643 453 3678; x_wconf 86' lang='lat' dir='ltr'>commune</span> <span class='ocrx_word' id='word_1_328' title='bbox 465 3628 497 3675; x_wconf 93' lang='lat' dir='ltr'><em>H</em></span> <span class='ocrx_word' id='word_1_329' title='bbox 506 3644 559 3679; x_wconf 80' lang='lat' dir='ltr'>mc.</span> <span class='ocrx_word' id='word_1_330' title='bbox 574 3646 581 3678; x_wconf 76' lang='lat' dir='ltr'><strong><em>z</em></strong></span> <span class='ocrx_word' id='word_1_331' title='bbox 599 3636 677 3691; x_wconf 80' lang='lat' dir='ltr'>atque</span> <span class='ocrx_word' id='word_1_332' title='bbox 688 3644 824 3678; x_wconf 87' lang='lat' dir='ltr'>commune</span> <span class='ocrx_word' id='word_1_333' title='bbox 835 3627 929 3692; x_wconf 74' lang='grc' dir='ltr'><strong><em>ΑΕγΙ,</em></strong></span> <span class='ocrx_word' id='word_1_334' title='bbox 940 3628 1009 3692; x_wconf 84' lang='lat' dir='ltr'>vulg.</span> 
     </span>
    </p>
   </div>
   <div class='ocr_carea' id='block_1_6' title="bbox 0 0 1337 4216">
    <p class='ocr_par' dir='ltr' id='par_1_7' title="bbox 0 0 1337 4216">
     <span class='ocr_line' id='line_1_37' title="bbox 0 0 1337 4216; baseline 0 0"><span class='ocrx_word' id='word_1_335' title='bbox 0 0 1337 4216; x_wconf 95' lang='lat' dir='ltr'> </span> 
     </span>
    </p>
   </div>
  </div>
 </body>
</html>
