2648 4216
90 291 124 351 ιε
138 285 172 349 ,r
465 275 508 334 M.
530 273 658 333 rvnm
680 273 913 336 crcuuours

184 455 370 522 anteponant
397 442 429 504 in
457 444 516 505 hoc
542 462 651 521 genere
678 454 708 504 et
732 443 792 502 Ser.
818 441 934 502 Galbae
958 452 988 502 et
1010 461 1115 502 socero
1137 451 1192 502 tuo

139 559 170 614 59
185 542 220 604 C.
232 541 344 615 Laelio,
354 560 431 619 quos
441 551 558 601 constat
566 538 688 601 dicendi
695 538 788 617 gloria
796 537 984 616 praestitisse.
1014 539 1191 615 Numquam

184 637 265 699 enirn
290 638 408 715 negabo
429 657 496 698 esse
519 638 665 714 quasdam
687 634 778 714 partis
800 633 934 713 proprias
955 653 1069 708 eorum,
1085 633 1138 712 qui
1158 633 1191 693 in

184 734 231 796 his
258 733 476 813 cognoscendis
503 745 594 811 atque
621 731 782 793 tractandis
810 731 944 793 studium
977 751 1065 792 suum
1098 750 1191 792 omne

184 844 356 911 posuerunt,
372 833 426 893 sed
440 843 588 893 oratorem
602 833 726 909 plenum
739 842 831 907 atque
844 832 1010 907 perfectum
1029 849 1095 890 esse
1109 849 1188 902 eum,
1204 849 1218 897 5

185 930 238 1008 qui
265 932 304 992 de
331 930 473 992 omnibus
500 931 588 990 rebus
621 927 715 1007 possit
749 927 872 1006 copiose
905 927 1045 1004 varieque
1079 925 1188 988 dicere.

138 1034 172 1093 14
186 1026 307 1087 Etenim
334 1047 424 1104 saepe
451 1025 482 1086 in
514 1025 557 1087 eis
591 1024 697 1098 causis,
726 1044 801 1102 quas
828 1043 935 1086 omnes
962 1022 1096 1102 proprias
1123 1043 1190 1084 esse

184 1136 335 1185 oratorum
371 1126 559 1198 confitentur,
598 1134 643 1184 est
678 1122 800 1200 aliquid,
841 1124 925 1200 quod
957 1142 1019 1184 non
1058 1141 1095 1183 ex
1132 1141 1189 1183 usu

183 1221 302 1294 forensi,
335 1241 426 1298 quem
457 1222 555 1281 solum
587 1219 754 1281 oratoribus
784 1219 959 1293 conceditis,
985 1220 1039 1280 sed
1066 1239 1103 1280 ex
1136 1218 1190 1280 ob

183 1316 313 1378 scuriore
346 1317 447 1395 aliqua
479 1316 604 1378 scientia
639 1315 678 1378 sit
711 1317 912 1394 promendum
945 1327 1037 1394 atque
1071 1334 1233 1376 sumen-10

137 1424 170 1474 60
183 1414 265 1474 dum.
318 1415 439 1490 Quaero
463 1413 544 1474 enim
565 1434 639 1474 num
661 1412 755 1491 possit
776 1424 828 1473 aut
853 1423 956 1473 contra
978 1411 1187 1490 imperatorem

182 1521 235 1570 aut
259 1530 313 1588 pro
337 1511 515 1589 imperatore
539 1509 599 1572 dici
622 1509 686 1571 sine
707 1510 749 1570 rei
773 1509 907 1570 militaris
934 1530 992 1569 usu
1019 1521 1071 1570 aut
1098 1529 1188 1587 saepe

182 1607 273 1668 etiam
288 1607 353 1669 sine
366 1607 521 1685 regionum
536 1607 716 1668 terrestrium
736 1618 788 1667 aut
810 1605 1024 1667 maritimarum
1045 1605 1170 1667 scientia
1179 1629 1188 1682 ;

182 1725 256 1765 num
270 1707 352 1783 apud
366 1706 512 1783 populum
525 1707 565 1765 de
584 1703 699 1782 legibus
719 1701 859 1765 iubendis
879 1714 932 1762 aut
952 1701 1097 1775 vetandis,
1113 1723 1187 1763 num

181 1801 213 1862 in
238 1814 343 1863 senatu
367 1804 407 1864 de
434 1801 517 1862 omni
541 1801 583 1862 rei
606 1801 745 1880 publicae
765 1821 874 1878 genere
896 1799 957 1861 dici
981 1799 1045 1860 sine
1069 1820 1188 1862 summa
1203 1823 1232 1874 ¹5

182 1918 280 1959 rerum
308 1897 439 1959 civilium
466 1897 637 1976 cognitione
661 1910 691 1959 et
718 1895 878 1976 prudentia
888 1918 898 1971 3
932 1917 1005 1957 num
1032 1897 1187 1958 admoveri

181 1995 277 2074 possit
298 1996 392 2057 oratio
413 1998 454 2058 ad
476 2017 581 2057 sensus
601 1996 769 2056 animorum
788 2007 879 2072 atque
897 2005 998 2054 motus
1011 1996 1059 2054 vel
1072 1993 1187 2054 inflam-

182 2096 310 2155 mandos
333 2096 381 2154 vel
404 2094 495 2155 etiam
517 2093 757 2171 exstinguendos,
783 2095 866 2170 quod
891 2112 985 2152 unum
1009 2091 1041 2151 in
1069 2103 1186 2152 oratore

180 2192 360 2265 dominatur,
371 2191 435 2253 sine
444 2191 670 2269 diligentissima
680 2189 927 2270 pervestigatione
937 2210 1039 2250 earum
1048 2188 1185 2250 omnium

182 2287 338 2362 rationum,
368 2309 446 2367 quae
473 2290 513 2350 de
540 2287 652 2350 naturis
679 2287 804 2348 humani
831 2286 946 2364 generis
980 2306 1017 2346 ac
1051 2285 1185 2346 moribus
1201 2304 1231 2342 ao

136 2392 199 2445 61a
230 2384 417 2463 philosophis
449 2384 639 2463 explicantur.
682 2387 784 2461 Atque
815 2384 898 2444 haud
928 2381 991 2442 scio
1017 2402 1057 2442 an
1085 2381 1186 2442 minus

180 2482 266 2543 vobis
290 2484 350 2544 hoc
371 2482 428 2543 sim
448 2483 625 2561 probaturus
636 2503 645 2555 ;
672 2480 814 2559 equidem
836 2501 899 2540 non
923 2479 1079 2553 dubitabo,
1100 2482 1185 2556 quod

180 2578 286 2652 sentio,
310 2578 427 2640 dicere:
456 2578 579 2657 physica
600 2577 657 2638 ista
678 2577 744 2655 ipsa
765 2588 795 2637 et
819 2575 1032 2637 mathematica
1053 2587 1083 2636 et
1106 2595 1186 2652 quae

180 2677 270 2753 paulo
284 2687 354 2735 ante
368 2686 531 2736 ceterarum
545 2673 652 2734 artium
671 2672 790 2751 propria
809 2671 943 2751 posuisti,
959 2671 1101 2733 scientiae
1114 2683 1184 2733 sunt

180 2793 292 2847 eorum,
308 2772 360 2851 qui
379 2773 429 2833 illa
447 2773 630 2851 profitentur,
646 2770 794 2833 inlustrari
808 2782 909 2832 autem
924 2769 1058 2831 oratione
1072 2769 1098 2830 si
1116 2770 1184 2848 quis
1199 2793 1228 2842 ²5

180 2869 250 2931 istas
269 2870 348 2948 ipsas
369 2868 439 2929 artis
452 2868 531 2942 velit,
546 2870 587 2930 ad
605 2867 729 2929 oratoris
744 2867 772 2929 ei
786 2866 1021 2946 confugiendum
1035 2876 1081 2927 est
1094 2867 1185 2927 facul·

133 2977 165 3029 62
180 2977 279 3027 tatem.
324 2969 432 3044 Neque
459 2966 539 3027 enim
562 2965 587 3027 si
610 2966 769 3027 Philonem
793 2966 877 3027 illurn
901 2964 1106 3038 architectum,
1131 2963 1184 3042 qui

179 3063 414 3125 Atheniensibus
458 3063 719 3125 armamentarium
754 3063 833 3138 fecit,
870 3074 987 3125 constat
1021 3061 1184 3141 perdiserte

179 3163 292 3239 populo
319 3161 465 3223 rationem
493 3161 592 3240 operis
614 3161 660 3223 sui
685 3160 859 3235 reddidisse,
884 3159 1116 3222 existimandum
1138 3170 1183 3220 est

89 3332 92 3337 ⁸
178 3258 331 3320 architecti
346 3260 444 3338 potius
458 3260 582 3322 artificio
591 3260 735 3323 disertum
746 3280 837 3338 quam
848 3257 972 3321 oratoris
986 3257 1095 3332 luisse3
1115 3278 1182 3331 nec,
1198 3279 1229 3328 30

179 3354 203 3415 si
228 3355 298 3416 huic
322 3358 365 3416 M.
390 3356 524 3418 Antonio
546 3377 601 3435 pro
627 3358 821 3418 Hermodoro
845 3354 949 3417 fuisset
971 3356 1010 3416 de
1032 3353 1183 3415 navalium

178 3471 269 3530 opere
291 3451 463 3526 dicendum,
478 3473 549 3527 non,
570 3473 640 3514 curn
662 3454 702 3514 ab
723 3452 775 3513 illo
797 3472 919 3513 causam
941 3451 1103 3524 didicisset,
1118 3449 1183 3530 ipse

211 3606 244 3656 M
251 3606 331 3656 :HE
426 3608 582 3670 squasdam
601 3609 681 3670 partis
695 3605 741 3655 M:
769 3611 839 3656 artes
852 3604 1016 3667 quasdamL
1152 3619 1183 3652 ro

178 3675 331 3724 sumendum
343 3672 388 3721 M:
406 3674 593 3722 adsumendum
606 3673 628 3722 L
640 3689 695 3723 mc.
765 3686 795 3720 ra
807 3687 855 3720 usu
862 3687 913 3720 om.
921 3669 953 3718 M
1016 3682 1048 3733 25
1060 3667 1182 3720 illustrari

178 3737 212 3787 M
218 3756 225 3789 r
241 3739 434 3789 illustrarem.
513 3754 547 3801 3⁰
562 3753 638 3802 quam
650 3737 761 3788 oratoris
772 3753 822 3788 om.
838 3735 870 3784 M
