2648 4216
81 283 99 342 3
117 287 146 322 11
439 263 483 322 M.
505 255 633 322 ‘rvum
656 260 889 324 c1cuu0N1s

163 427 195 489 in
219 431 278 492 hoc
303 429 369 509 ipso
393 451 528 506 numero,
554 430 585 491 in
610 451 671 509 quo
695 452 814 509 perraro
838 431 967 494 exoritur
990 431 1097 511 aliquis
1121 454 1170 495 ex·

162 527 282 602 cellens,
298 528 324 589 si
338 527 495 607 diligenter
507 540 537 589 et
552 549 588 590 ex
601 529 771 590 nostrorum
784 539 815 590 et
832 549 869 590 ex
882 532 1066 592 Graecorum
1080 529 1169 608 copia

54 663 56 668 -
163 642 335 702 comparare
361 628 453 701 voles,
483 628 578 688 multo
605 637 707 687 tamen
733 626 889 703 pauciores
916 639 1048 689 oratores
1076 647 1168 704 quam

119 746 148 782 12
162 733 270 799 poetae
284 723 358 784 boni
371 723 560 801 reperientur.
604 724 698 799 Quod
712 725 771 784 hoc
790 722 880 784 etiam
893 723 1057 785 mirabilius
1076 725 1168 785 debet

161 819 264 894 videri,
286 820 357 898 quia
380 832 544 883 ceterarum
565 819 673 881 artium
693 819 793 881 studia
812 822 874 880 fere
894 820 1056 881 reconditis
1076 832 1196 898 atque5

160 918 271 980 abditis
285 940 303 980 e
317 919 450 981 lontibus
467 918 649 991 hauriuntur,
665 916 787 978 dicendi
805 928 906 977 autem
925 917 1024 978 omnis
1043 917 1118 978 ratio
1135 917 1167 978 in

161 1016 263 1078 medio
279 1016 377 1095 posita
395 1015 550 1078 communi
564 1016 697 1093 quodam
716 1013 747 1074 in
766 1035 823 1075 usu
843 1025 935 1092 atque
955 1015 987 1075 in
1008 1014 1167 1076 hominurn
1229 1043 1234 1061 ι

160 1135 212 1176 ore
232 1127 263 1176 et
283 1134 422 1176 sermone
441 1125 581 1187 versatur,
597 1124 630 1173 ut
650 1111 682 1172 in
703 1111 808 1173 ceteris
828 1111 861 1172 id
882 1111 1011 1173 maxime
1031 1113 1165 1186 excellat,

159 1213 243 1288 quod
256 1211 429 1291 longissime
449 1210 488 1272 sit
507 1210 547 1271 ab
567 1209 772 1287 imperitorum
792 1209 995 1287 intellegentia
1015 1230 1166 1288 sensuque

159 1309 351 1383 disiunctum,
380 1309 411 1369 in
439 1307 571 1370 dicendo
597 1318 698 1368 autem
725 1305 830 1367 vitium
857 1307 906 1366 vel
936 1305 1099 1367 maximum
1127 1305 1165 1367 sit
1181 1330 1212 1368 ro

158 1426 177 1466 a
193 1407 304 1485 vulgari
322 1426 431 1485 genere
451 1404 593 1467 orationis
611 1416 702 1481 atque
720 1424 739 1464 a
757 1402 976 1465 consuetudine
994 1403 1165 1465 communis

159 1523 264 1565 sensus
287 1505 454 1573 abhorrere.
508 1505 555 1562 Ac
579 1521 618 1562 ne
641 1501 716 1562 illud
740 1501 864 1578 quidem
887 1520 957 1561 vere
980 1499 1042 1561 dici
1065 1512 1165 1578 potest

158 1612 209 1661 aut
226 1601 318 1679 pluris
337 1600 442 1662 ceteris
460 1600 601 1660 inservire
619 1610 670 1659 aut
689 1599 801 1660 maiore
819 1597 1020 1660 delectatione
1037 1610 1089 1659 aut
1110 1619 1165 1676 spe

156 1697 293 1760 uberiore
317 1708 369 1759 aut
393 1696 532 1775 praemiis
552 1697 592 1758 ad
615 1696 847 1774 perdiscendum
867 1695 1062 1773 amplioribus
1083 1715 1165 1756 com-

157 1794 277 1855 moveri
320 1797 422 1872 Atque
449 1804 483 1854 ut
506 1792 644 1855 omittam
668 1792 834 1865 Graeciam,
860 1812 938 1871 quae
962 1812 1081 1870 semper
1104 1794 1209 1867 elo-15

156 1890 296 1967 quentiae
304 1890 628 1969 princepsessevoluit,
638 1901 729 1968 atque
739 1889 804 1951 illas
813 1889 950 1951 omnium
958 1889 1162 1951 doctrinarum

156 1985 334 2049 inventrices
348 1989 492 2061 Athenas,
504 1987 536 2047 in
550 1987 660 2065 quibus
674 2006 792 2047 summa
806 1987 928 2048 dicendi
942 1987 986 2048 vis
1000 1999 1031 2048 et
1041 1986 1163 2048 inventa

155 2095 201 2144 est
215 2096 245 2144 et
263 2087 402 2162 perfecta,
417 2084 449 2144 in
468 2085 526 2144 hac
544 2083 609 2161 ipsa
625 2083 743 2145 civitate
760 2087 895 2162 profecto
913 2085 997 2144 nulla
1016 2104 1162 2163 umquam

110 2205 141 2256 ¹4
154 2182 362 2243 vehementius
392 2200 483 2259 quam
511 2180 700 2258 eloquentiae
730 2181 829 2242 studia
858 2180 1022 2258 viguerunt.
1080 2183 1161 2242 Nam

153 2290 361 2356 posteaquam
375 2278 501 2356 imperio
515 2277 651 2339 omnium
662 2278 796 2356 gentium
807 2278 971 2340 constituto
981 2278 1160 2340 diuturnitas
1176 2301 1207 2337 ao

152 2375 235 2454 pacis
246 2376 341 2438 otium
352 2374 546 2448 confirmavit,
558 2395 650 2437 nemo
661 2378 722 2436 fere
733 2376 830 2437 laudis
840 2375 969 2454 cupidus
982 2377 1160 2438 adulescens

152 2493 214 2535 non
233 2474 291 2535 sibi
310 2474 349 2535 ad
369 2473 532 2535 dicendum
552 2473 653 2534 studio
672 2472 756 2534 omni
775 2473 951 2534 enitendum
970 2473 1085 2550 putavit
1094 2494 1104 2548 ς
1123 2494 1160 2535 ac

151 2571 249 2648 primo
263 2571 388 2649 quidem
402 2570 494 2633 totius
507 2570 629 2632 rationis
644 2569 745 2648 ignari,
762 2570 814 2648 qui
828 2591 927 2649 neque
941 2570 1159 2633 exercitationis

150 2670 242 2729 ullam
253 2669 314 2730 vim
328 2689 428 2747 neque
438 2668 562 2746 aliquod
573 2680 766 2746 praeceptum
778 2667 847 2730 artis
862 2688 928 2729 esse
938 2668 1156 2742 arbitrarentur,

150 2777 275 2841 tantum,
291 2778 437 2844 quantum
451 2765 572 2844 ingenio
590 2777 620 2826 et
635 2765 815 2845 cogitatione
832 2777 978 2844 poterant,
994 2785 1158 2842 conseque
1173 2785 1202 2836 ²5

150 2863 276 2938 bantu13
297 2875 365 2942 post
385 2875 486 2925 autem
507 2863 616 2925 auditis
638 2863 804 2925 oratoribus
826 2863 948 2925 Graecis
969 2862 1158 2941 cognitisque

149 2980 254 3020 eorum
278 2960 382 3021 litteris
405 2960 608 3037 adhibitisque
633 2961 808 3022 doctoribus
832 2959 1001 3021 incredibili
1022 2961 1156 3038 quodam

107 3077 136 3129 15
149 3057 243 3118 nostri
257 3056 395 3119 homines
409 3057 544 3118 discendi
563 3057 663 3119 studio
681 3061 884 3136 flagraverunt.
928 3056 1086 3119 Excitabat
1103 3077 1156 3119 eos

149 3155 333 3233 magnitudo,
346 3154 470 3215 varietas
485 3153 707 3232 multitudoque
721 3155 752 3215 in
767 3155 851 3216 omni
865 3174 973 3233 genere
987 3174 1154 3228 causarum,

147 3263 181 3313 ut
194 3255 234 3314 ad
248 3273 315 3313 eam
330 3251 506 3324 doctrinam,
522 3271 614 3328 quam
633 3271 689 3313 suo
707 3252 836 3330 quisque
853 3252 955 3314 studio
973 3264 1155 3314 consecutus
1168 3270 1202 3320 30

146 3361 233 3424 esset,
249 3349 459 3428 adiungeretur
473 3369 545 3409 usus
559 3351 707 3427 frequens,
722 3349 776 3428 qui
791 3349 928 3410 omnium
941 3349 1154 3427 magistrorum

124 1471 145 1529 4

115 1559 144 1607 13

179 3503 301 3554 u=HE
397 3505 475 3553 Bore
489 3503 520 3553 0.
533 3501 570 3553 M.
583 3503 779 3554 Mallertmore
791 3504 859 3556 codd.
966 3503 1158 3569 rosit]estM

148 3584 178 3631 ¹4
195 3569 324 3635 uberiore]
337 3568 515 3619 liberioreM:
541 3570 778 3632 specieliberioret
802 3569 925 3621 Fn'edrtelt
1026 3588 1058 3622 ar
1076 3589 1154 3623 nemo

205 3633 411 3697 putavitom.M
489 3649 522 3696 ²4
538 3635 668 3684 viamLm
751 3637 784 3685 aa
800 3637 1074 3702 discendinesdoqur's
1083 3637 1155 3702 apud

145 3698 317 3761 Lamaaum:
334 3700 437 3750 dicendi
449 3699 517 3749 codd.
584 3716 618 3762 30
634 3710 790 3751 consecutus
802 3700 855 3750 ML
866 3720 873 3751 ι
890 3703 1028 3754 adsecutus
1039 3720 1068 3752 m
1079 3721 1134 3757 rece.
