2648 4216
468 254 527 313 DE
548 252 755 315 ORATORE
797 252 812 313 1
1153 250 1258 323 θυαμ

138 441 204 482 uno
223 420 337 482 artifice
360 421 515 495 sumimus,
539 423 615 482 solet
639 420 719 482 idem
746 420 874 482 Roscius
898 421 998 482 dicere
1021 440 1062 494 se,
1084 438 1146 498 quo

138 519 208 596 plus
232 517 289 579 sibi
310 518 416 579 aetatis
438 520 603 592 accederet,
619 538 656 579 eo
677 517 821 578 tardiores
837 517 968 578 tibicinis
987 518 1095 579 modos
1115 527 1146 577 et

138 626 246 675 cantus
259 615 440 677 remissiores
451 635 517 676 esse
527 617 682 675 facturum.
714 617 807 692 Quod
818 614 842 675 si
853 615 902 675 ille
915 614 1052 675 astrictus
1065 623 1146 674 certa

138 713 271 790 quadam
285 732 477 774 numerorum
498 713 705 773 moderatione
725 723 755 772 et
776 713 889 789 pedum
912 722 1012 771 tamen
1031 710 1145 788 aliquid

106 809 178 878 sad
202 808 336 886 requiem
360 809 522 870 senectutis
546 810 700 887 excogitat,
726 820 839 887 quanto
863 808 977 870 facilius
1001 828 1058 869 nos
1082 828 1144 870 non

137 909 236 967 laxare
256 908 373 981 modos,
396 909 451 968 sed
473 918 552 968 totos
575 917 690 967 mutare
711 910 893 984 possumus?
934 908 1042 983 Neque
1063 905 1144 966 enim
1160 927 1207 979 ²⁵5

138 1005 198 1064 hoc
212 1016 250 1077 te,
266 1006 382 1078 Crasse,
398 1004 480 1078 fallit,
496 1025 587 1083 quam
609 1007 703 1065 multa
721 1004 780 1065 sint
794 1015 825 1065 et
838 1024 929 1082 quam
943 1003 1023 1063 varia
1036 1022 1145 1081 genera

137 1101 269 1175 dicendi,
282 1101 315 1163 id
337 1105 422 1180 quod
442 1103 525 1163 haud
547 1101 639 1162 sciam
662 1122 701 1162 an
721 1113 754 1162 tu
775 1102 888 1180 primus
902 1100 1076 1174 ostenderis,
1092 1098 1144 1178 qui

137 1198 197 1258 iam
221 1198 274 1259 diu
301 1202 398 1260 multo
425 1199 501 1260 dicis
528 1199 679 1260 remissius
707 1211 737 1260 et
764 1199 860 1260 lenius
888 1219 979 1276 quam
1007 1198 1144 1272 solebas3

90 1313 123 1351 ro
136 1314 237 1372 neque
258 1296 358 1357 minus
380 1298 456 1358 haec
477 1309 578 1357 tamen
603 1309 654 1357 tua
674 1297 837 1374 gravissimi
861 1295 1006 1358 sermonis
1027 1296 1141 1370 lenitas,

135 1412 228 1470 quam
256 1393 306 1454 illa
333 1414 451 1455 summa
477 1395 522 1455 vis
550 1405 580 1455 et
612 1395 766 1456 contentio
797 1395 956 1473 probatur:
996 1393 1143 1471 multique

135 1500 268 1550 oratores
286 1493 414 1565 fuerunt,
429 1503 462 1553 ut
482 1492 566 1552 illum
588 1491 760 1569 Scipionem
782 1492 921 1552 audimus
943 1503 972 1552 et
995 1490 1140 1564 Laelium,

135 1586 188 1664 qui
203 1587 305 1649 omnia
322 1608 462 1649 sermone
482 1590 664 1650 conficerent
678 1591 768 1667 paulo
783 1589 949 1662 intentiore,
965 1608 1140 1665 numquam,

135 1693 170 1744 ut
187 1686 248 1744 Ser.
265 1686 371 1759 Galba,
392 1687 533 1747 lateribus
554 1697 606 1746 aut
628 1688 758 1747 clamore
779 1687 1003 1746 contenderent
1048 1685 1141 1760 Quod

89 1795 120 1847 rs
135 1779 161 1840 si
182 1780 243 1841 iam
267 1783 327 1842 hoc
351 1784 448 1844 iacere
469 1803 532 1844 non
559 1783 671 1860 poteris
693 1795 746 1844 aut
773 1786 866 1857 noles,
889 1783 997 1844 vereris
1025 1802 1064 1842 ne
1088 1794 1140 1843 tua

133 1878 244 1941 domus
264 1878 331 1940 talis
354 1891 384 1940 et
405 1879 459 1940 viri
481 1891 512 1940 et
535 1880 616 1953 civis,
640 1880 704 1941 sia
725 1880 860 1958 litigiosis
881 1879 1055 1942 hominibus
1077 1899 1140 1940 non

133 1976 257 2049 colatur,
278 1996 297 2036 a
319 1976 424 2038 ceteris
446 1978 619 2038 deseratur?
661 1976 811 2055 Equidem
833 1989 949 2038 tantum
970 1978 1078 2038 absum
1099 1977 1141 2039 ab

133 2069 191 2131 ista
209 2072 365 2147 sententia,
388 2085 421 2135 ut
443 2094 506 2135 non
526 2077 619 2135 modo
638 2094 700 2134 non
721 2074 845 2135 arbitrer
867 2073 1034 2135 subsidium
1057 2095 1140 2136 sene-

132 2168 222 2230 ctutis
245 2169 277 2230 in
301 2191 414 2244 eorum,
436 2171 488 2250 qui
510 2174 680 2233 consultum
705 2171 834 2245 veniant,
857 2171 1049 2233 multitudine
1072 2193 1139 2234 esse

86 2282 119 2319 πο
131 2268 317 2342 ponendum,
333 2269 387 2329 sed
400 2280 555 2347 tamquam
575 2279 695 2347 portum
716 2268 846 2346 aliquem
865 2281 1035 2346 exspectem
1049 2269 1137 2330 istam

132 2380 224 2440 quam
238 2375 271 2424 tu
289 2363 386 2438 times,
402 2365 603 2427 solitudinem.
647 2365 820 2427 Subsidium
838 2365 918 2426 enim
940 2366 1137 2427 bellissimum

130 2458 267 2521 existimo
289 2481 355 2522 esse
376 2463 522 2523 senectuti
544 2463 647 2524 otium.

172 2558 302 2636 Reliqua
315 2580 386 2621 vero
400 2560 489 2622 etiam
504 2562 530 2622 si
543 2561 694 2635 adiuvant,
710 2562 864 2624 historiam
879 2562 949 2625 dico
964 2575 993 2623 et
1007 2563 1135 2640 pruden·
1149 2566 1197 2630 ²3⁶

128 2653 202 2715 tiam
215 2655 286 2718 iuris
306 2658 420 2735 publici
440 2671 470 2719 et
490 2659 674 2737 antiquitatis
693 2660 867 2720 memoriam
886 2670 916 2720 et
930 2662 1134 2737 exemplorum

84 2769 114 2822 ²5
129 2752 257 2831 copiam,
277 2754 303 2815 si
324 2758 447 2833 quando
469 2776 546 2835 opus
568 2756 664 2830 erit,a
685 2756 749 2818 viro
771 2757 886 2834 optimo
908 2769 937 2818 et
960 2756 1023 2816 istis
1045 2757 1134 2817 rebus

128 2847 364 2926 instructissimo,
379 2853 516 2914 familiari
537 2873 606 2915 meo
627 2855 735 2932 Congo
755 2854 923 2927 mutuabor,
938 2873 1037 2931 neque
1050 2873 1134 2930 repu-

126 2947 237 3023 gnabo,
252 2969 315 3026 quo
329 2950 437 3024 minus,
452 2950 485 3012 id
498 2953 582 3029 quod
597 2953 689 3013 modo
703 2953 837 3012 hortatus
852 2971 892 3025 es,
908 2951 1010 3012 omnia
1024 2953 1131 3029 legant,

126 3043 230 3105 omnia
256 3046 389 3121 audiant,
413 3048 444 3108 in
471 3047 555 3109 omni
582 3059 664 3108 recto
698 3049 799 3110 studio
830 3059 921 3126 atque
948 3049 1134 3111 humanitate

126 3154 280 3204 versentur
288 3165 298 3219 ;
317 3146 373 3207 sed
387 3147 567 3207 mehercule
581 3166 643 3206 non
658 3146 698 3206 ita
713 3149 840 3206 multum
851 3145 927 3223 spati
938 3145 1011 3205 mihi
1022 3147 1133 3208 habere

79 3256 113 3308 3ο
125 3239 273 3315 videntur,
288 3241 314 3302 si
334 3245 428 3304 modo
449 3263 484 3304 ea
505 3245 602 3304 facere
623 3253 653 3304 et
673 3244 812 3321 persequi
832 3246 941 3318 volent,
957 3264 1034 3322 quae
1053 3265 1071 3304 a
1092 3256 1130 3318 te,

126 3337 243 3412 Crasse,
267 3351 428 3418 praecepta
448 3351 518 3401 sunt
529 3362 539 3415 3
569 3340 622 3419 qui
643 3341 717 3400 mihi
737 3360 831 3418 prope
851 3340 911 3400 iam
932 3340 1021 3401 nimis
1042 3343 1132 3403 duras

158 3509 174 3541 a
191 3495 326 3544 accederet
343 3495 430 3545 coda:
457 3497 587 3545 acceleret
608 3493 731 3560 Madvig:
756 3498 882 3545 accedere
895 3496 967 3546 Cima
1099 3515 1131 3560 aa

123 3575 147 3608 a.
166 3560 316 3609 memoriam
329 3567 355 3609 et
373 3560 457 3610 Koch:
478 3562 640 3624 antiquitatis
661 3562 711 3611 iter
727 3568 754 3610 et
772 3562 856 3612 coda:
887 3563 1046 3625 antiquitatis
1065 3566 1130 3614 noti·

125 3624 187 3673 tiam
203 3631 230 3673 et
247 3625 363 3675 Ellendt:
386 3625 437 3676 iter
448 3633 475 3675 et
485 3627 537 3676 secl.
550 3626 671 3677 Fn'adn'cb
739 3628 773 3676 26
787 3627 880 3690 Congo
892 3628 945 3678 edd.
956 3629 994 3692 (q'.
1004 3637 1031 3693 p.
1042 3628 1128 3679 Plane.

123 3705 164 3751 aq.
178 3692 238 3754 58):
257 3691 347 3754 Longo
359 3689 382 3739 L
393 3708 400 3740 a
417 3691 507 3753 Conge
520 3709 531 3740 ε
1025 3743 1057 3803 ὖ*
