2648 4216
99 274 140 335 50
154 285 202 334 ²04
491 262 535 321 M.
557 261 687 321 TVLLI
708 260 941 327 CICERONIS

212 429 343 489 solemus
354 449 363 501 ;
390 425 495 488 docuit
515 425 596 487 enim
616 425 677 486 iam
698 445 754 487 nos
774 428 863 504 longa
883 424 944 486 vita
964 445 1096 504 ususque
1118 447 1217 488 rerum

213 524 415 598 maximarum,
438 534 471 583 ut
491 522 601 601 quibus
625 523 714 584 rebus
734 522 828 583 animi
848 523 1006 584 hominurn
1027 536 1218 586 moverentur

213 633 388 684 teneremus.
433 621 583 700 Equidem
597 621 727 700 primum
738 620 927 682 considerare
941 623 1032 695 soleo,
1045 624 1217 699 postuletne

212 739 319 794 causa;
353 740 424 780 nam
448 739 547 797 neque
567 718 665 798 parvis
685 718 718 778 in
738 719 827 779 rebus
848 718 1040 779 adhibendae
1064 730 1134 779 sunt
1158 721 1216 780 hae

209 816 331 879 dicendi
353 820 432 879 faces
457 837 555 895 neque
579 816 621 877 ita
642 815 781 876 animatis
805 815 986 890 hominibus,
1016 827 1050 877 ut
1073 816 1148 876 nihil
1175 819 1244 884 ads

210 934 314 976 eorum
336 914 445 976 mentis
469 913 603 975 oratione
631 915 794 975 flectendas
816 915 961 991 proficere
988 913 1145 991 possimus,
1174 935 1215 975 ne

209 1022 261 1070 aut
283 1011 424 1073 inrisione
451 1023 502 1071 aut
530 1010 602 1072 odio
629 1009 712 1088 digni
739 1021 886 1088 putemur,
917 1009 942 1070 si
968 1021 1021 1070 aut
1048 1011 1215 1088 tragoedias

209 1127 332 1185 agamus
355 1108 386 1168 in
408 1107 495 1185 nugis
516 1118 568 1168 aut
592 1109 759 1168 convellere
786 1107 956 1169 adoriamur
978 1127 1021 1181 ea,
1046 1127 1123 1184 quae
1150 1128 1214 1168 non

150 1214 198 1266 206
210 1203 325 1282 possint
343 1203 535 1266 commoveri.
579 1206 645 1265 Iam
662 1203 806 1280 quoniam
823 1206 899 1264 haec
917 1207 979 1265 fere
998 1204 1127 1265 maxime
1144 1217 1214 1266 sunt

209 1299 241 1360 in
266 1301 399 1361 iudicum
427 1301 535 1361 animis
557 1313 616 1375 aut,
641 1301 823 1379 quicumque
846 1301 888 1361 illi
913 1312 1007 1376 erunt,
1032 1303 1113 1379 apud
1136 1323 1213 1380 quos
1229 1323 1260 1359 ιο

208 1418 338 1476 agemus,
359 1399 493 1461 oratione
511 1399 672 1473 molienda,
687 1419 772 1459 arnor
792 1398 897 1459 odium
916 1399 1077 1472 iracundia,
1100 1399 1214 1462 invidia

209 1495 416 1573 misericordia,
430 1517 497 1577 spes
512 1495 630 1569 laetitia,
644 1497 734 1557 timor
747 1496 902 1557 molestia:
923 1496 1069 1558 sentimus
1077 1517 1212 1559 amorem

207 1594 366 1670 conciliari,
393 1595 417 1656 si
439 1595 471 1657 id
493 1594 557 1656 iure
578 1595 740 1669 videamur,
765 1596 848 1672 quod
873 1593 911 1655 sit
932 1594 1004 1655 utile
1025 1594 1105 1674 ipsis,
1129 1599 1212 1674 apud

207 1712 284 1770 quos
297 1711 428 1770 agamus,
444 1694 614 1766 defendere,
630 1703 682 1753 aut
696 1691 721 1753 si
742 1712 796 1770 pro
812 1691 900 1753 bonis
913 1691 982 1752 viris
995 1703 1048 1752 aut
1062 1704 1142 1754 certe
1156 1713 1211 1772 pro

206 1789 258 1864 eis,
281 1789 333 1868 qui
353 1789 410 1850 illis
427 1790 501 1852 boni
519 1801 610 1867 atque
629 1789 716 1850 utiles
733 1789 800 1863 sint,
822 1790 966 1864 laborare,
984 1809 1116 1867 namque
1135 1792 1210 1852 haec
1226 1809 1256 1860 15

206 1907 252 1949 res
266 1907 398 1949 amorem
414 1887 507 1967 magis
526 1887 672 1961 conciliat,
688 1887 739 1948 illa
755 1887 870 1947 virtutis
888 1887 1025 1948 defensio
1039 1887 1211 1963 caritatem;

206 1987 333 2063 plusque
353 1985 479 2065 proficit,
495 1985 520 2046 si
539 1984 716 2064 proponitur
736 2005 805 2063 spes
825 1983 961 2045 utilitatis
981 1987 1098 2047 futurae
1118 2007 1210 2064 quam

145 2103 191 2156 207
204 2083 353 2162 praeteriti
397 2083 525 2144 benefici
558 2082 812 2144 commemoratio.
865 2081 1049 2144 Enitendum
1089 2095 1134 2144 est
1177 2096 1211 2145 ut

206 2182 347 2242 ostendas
369 2181 400 2240 in
417 2201 453 2242 ea
474 2202 513 2255 re,
535 2201 626 2259 quam
642 2183 796 2256 defendas,
816 2192 869 2241 aut
888 2180 1063 2258 dignitatem
1078 2194 1210 2243 essesut

205 2277 370 2352 utilitatem,
391 2298 530 2357 eumque,
551 2278 600 2339 cui
623 2278 765 2340 concilies
788 2280 870 2340 hunc
893 2298 1036 2354 amorem,
1060 2278 1208 2356 significes
1225 2302 1256 2336 20

204 2375 279 2436 nihil
299 2377 339 2437 ad
359 2375 517 2437 utilitatem
538 2396 623 2438 suam
644 2375 791 2438 rettulisse
811 2397 847 2437 ac
867 2376 942 2436 nihil
961 2375 1086 2437 omnino
1103 2376 1209 2438 fecisse

204 2493 295 2534 causa
316 2494 388 2548 sua;
417 2473 564 2535 invidetur
586 2473 667 2536 enim
689 2474 858 2536 commodis
882 2473 1040 2535 hominum
1064 2473 1206 2553 ipsorum,

143 2583 190 2630 208
203 2570 309 2632 studiis
328 2581 429 2632 autem
446 2590 550 2632 eorum
571 2571 676 2654 ceteris
697 2570 912 2632 commodandi
932 2573 1053 2632 favetur.
1097 2571 1209 2633 Viden-

203 2670 338 2746 dumque
352 2670 411 2729 hoc
427 2671 496 2729 loco
513 2679 558 2729 est
576 2688 624 2742 ne,
640 2687 717 2746 quos
736 2668 777 2729 ob
795 2668 952 2729 benefacta
964 2668 1047 2746 diligi
1060 2671 1205 2742 volemus,

204 2786 307 2827 eorum
332 2767 451 2827 laudem
474 2777 565 2844 atque
586 2765 718 2844 gloriam,
742 2765 792 2826 cui
817 2766 945 2827 maxime
967 2765 1093 2827 invideri
1121 2769 1205 2840 solet,
1223 2790 1252 2840 ²5

203 2862 293 2924 nimis
306 2865 408 2924 efferre
421 2861 595 2937 videamur3
614 2874 705 2941 atque
716 2862 830 2924 eisdem
844 2863 891 2923 his
905 2883 942 2923 ex
955 2862 1029 2923 locis
1043 2875 1073 2923 et
1087 2862 1119 2922 in
1132 2863 1207 2925 alios

203 2961 308 3022 odium
332 2973 444 3022 struere
464 2961 615 3022 discemus
639 2972 669 3023 et
691 2981 710 3022 a
733 2961 821 3023 nobis
841 2980 878 3022 ac
899 2960 1007 3022 nostris
1028 2962 1207 3036 demovere;

203 3060 370 3136 eademque
397 3060 473 3119 haec
500 3079 609 3137 genera
637 3069 707 3120 sunt
734 3059 889 3120 tractanda
916 3056 947 3118 in
978 3056 1132 3118 iracundia
1158 3060 1206 3119 vel

203 3155 360 3218 excitanda
383 3158 431 3218 vel
453 3158 587 3218 sedanda
598 3179 607 3232 ;
635 3177 706 3218 nam
731 3156 764 3230 si,
787 3158 870 3235 quod
893 3155 972 3235 ipsis,
996 3155 1048 3233 qui
1068 3155 1204 3231 audiunt,

166 580 199 641 51

151 672 196 720 ²05

236 3307 268 3357 M
279 3335 300 3352 =
314 3310 396 3359 ΑΕΗ
492 3327 508 3374 3
525 3311 692 3375 postulentne
711 3327 813 3362 causam
830 3309 863 3358 M
925 3326 941 3371 4
959 3326 1017 3359 narn
1029 3325 1080 3360 om.
1093 3307 1126 3356 M
1188 3312 1207 3360 6

203 3392 338 3438 possemus
349 3375 381 3423 M
465 3393 482 3438 9
499 3379 553 3427 lam
564 3376 682 3441 Madvig:
701 3377 766 3427 Nam
780 3376 847 3427 codd.
941 3391 971 3437 13
988 3376 1013 3424 id
1026 3377 1081 3424 iure
1094 3376 1141 3439 Lg.
1154 3377 1206 3437 36:

203 3442 229 3491 id
241 3443 267 3490 in
281 3458 309 3490 re
320 3440 364 3491 M:
383 3443 407 3491 id
425 3441 491 3492 velle
503 3443 550 3508 Lg.
564 3459 596 3505 32
612 3444 696 3505 vulg:
715 3443 741 3492 id
756 3442 778 3490 L
865 3442 996 3491 videamur
1007 3442 1057 3502 Lg.
1070 3456 1117 3502 32:
1135 3441 1204 3491 vide·

202 3522 274 3557 amus
291 3506 336 3558 M:
361 3507 500 3557 videareL
585 3523 615 3568 ¹4
626 3522 732 3570 agamus
742 3506 880 3556 Fn'eddch:
897 3521 959 3569 agas
974 3505 1043 3555 codd.
1125 3515 1171 3556 aut
1182 3507 1204 3555 si

202 3572 287 3621 Bake:
304 3575 327 3622 si
338 3579 383 3623 aut
394 3572 461 3623 codd
548 3588 579 3636 15
596 3573 673 3622 bonis
687 3571 719 3620 M
817 3575 847 3620 16
864 3571 964 3622 defensi
975 3570 1008 3619 M
1097 3587 1126 3633 17
1145 3587 1204 3634 pro-

202 3638 309 3700 ponitur
319 3636 358 3689 L:
376 3646 487 3702 ponetur
498 3636 529 3686 M
622 3653 653 3701 19
670 3638 758 3688 inesse
770 3635 793 3685 L
804 3638 873 3703 vulg.
991 3652 1024 3686 ao
1041 3637 1162 3686 maiorem
1174 3635 1207 3684 M

202 3717 234 3766 ⁹3
251 3710 327 3755 cete.
340 3741 346 3755 .
360 3704 483 3754 modendi
494 3702 527 3752 M
536 3703 608 3770 (mm
618 3708 682 3768 spat.
695 3718 747 3754 vac.
759 3702 801 3768 H)
