2648 4216
110 271 145 316 12
160 278 194 329 50
485 258 528 316 M.
551 256 679 315 TVLLI
701 255 933 319 CICERONIS

207 421 260 499 qui
279 422 432 484 discernes
452 443 565 496 eorum,
580 443 657 502 quos
675 421 837 496 nominavi,
852 422 1030 485 indicendo
1044 425 1211 484 ubertatem

208 531 237 579 et
259 519 377 598 copiam
398 522 438 581 ab
462 541 566 583 eorum
591 521 728 594 exilitate,
744 521 797 598 qui
815 522 872 582 hac
891 521 1013 583 dicendi
1026 521 1167 581 varietate
1181 531 1213 581 et

207 618 354 694 elegantia
376 638 437 679 non
460 622 607 679 utuntur?
649 621 754 681 Unum
777 618 831 679 erit
850 620 993 697 profecto,
1009 620 1092 695 quod
1107 618 1143 691 ei,
1159 618 1211 696 qui

207 713 286 774 bene
306 715 419 787 dicunt,
439 716 578 775 adferunt
599 714 761 792 proprium,
776 714 974 792 compositam
995 714 1162 775 orationem
1181 725 1211 775 et

207 823 342 871 ornatam
356 823 386 872 et
399 810 524 872 artificio
538 813 671 889 quodam
685 823 715 872 et
729 810 911 888 expolitione
924 810 1115 885 distinctam,
1135 813 1211 871 haec
1226 828 1240 878 5

206 921 306 968 autem
335 907 437 981 oratio,
467 907 492 968 si
519 927 565 969 res
593 928 655 968 non
683 908 786 968 subest
813 908 853 968 ab
876 919 993 968 oratore
1017 920 1157 985 percepta
1181 918 1211 967 et

207 1004 333 1080 cognita,
349 1014 401 1064 aut
415 1006 497 1064 nulla
511 1003 548 1064 sit
559 1024 682 1066 necesse
696 1015 740 1064 est
754 1015 806 1064 aut
820 1003 956 1064 omnium
974 1002 1115 1064 inrisione
1129 1005 1212 1064 luda-

160 1121 189 1172 51
207 1110 260 1159 tur,
305 1099 388 1176 Quid
403 1112 447 1161 est
462 1100 543 1161 enirn
554 1112 615 1161 tam
627 1100 780 1174 furiosum,
796 1120 887 1178 quam
901 1101 1060 1161 verborum
1074 1103 1121 1161 vel
1136 1099 1211 1178 opti-

205 1217 323 1258 morum
342 1209 433 1276 atque
451 1197 708 1259 ornatissimorum
723 1197 838 1258 sonitus
853 1197 958 1270 inanis,
979 1200 1061 1258 nulla
1075 1197 1210 1259 subiecta

204 1294 352 1355 sententia
365 1315 422 1356 nec
436 1294 584 1356 scientia?
625 1294 780 1373 Quicquid
794 1294 848 1356 erit
862 1294 950 1372 igitur
963 1314 1154 1372 quacumque
1172 1315 1209 1355 ex
1225 1315 1256 1352 1ο

203 1403 274 1464 arte,
290 1410 483 1469 quocumque
501 1393 541 1452 de
562 1411 678 1468 genere,
695 1403 793 1452 orator
811 1391 851 1464 id,
868 1391 894 1463 si
915 1402 1069 1468 tamquam
1093 1390 1209 1452 clientis

204 1506 325 1547 causam
348 1486 493 1562 didicerit,
516 1487 725 1549 dicetmelius
750 1499 779 1548 et
804 1487 936 1549 ornatius
959 1507 1050 1565 quam
1073 1488 1137 1566 ipse
1159 1489 1209 1550 ille

159 1608 189 1658 52
203 1582 266 1643 eius
287 1583 329 1644 rei
350 1584 487 1645 inventor
506 1597 597 1662 atque
615 1585 726 1646 artifex.
770 1588 850 1646 Nam
869 1585 894 1645 si
913 1585 982 1663 quis
1003 1586 1057 1647 erit
1076 1586 1128 1664 qui
1149 1588 1209 1648 hoc

202 1679 291 1754 dicat,
321 1701 386 1742 esse
414 1684 560 1760 quasdam
588 1694 739 1743 oratorum
766 1682 899 1760 proprias
927 1683 1089 1744 sententias
1117 1695 1208 1761 atque

202 1797 307 1837 causas
321 1788 351 1838 et
361 1790 507 1839 certarum
518 1799 616 1840 rerum
626 1778 794 1841 forensibus
803 1779 942 1857 cancellis
954 1779 1207 1860 circumscriptam
1224 1802 1252 1853 ¹5

202 1873 366 1948 scientiam,
390 1875 506 1936 fatebor
528 1875 669 1953 equidem
693 1875 725 1936 in
749 1875 796 1936 his
824 1876 918 1954 magis
945 1877 1072 1939 adsidue
1098 1879 1207 1940 versari

202 1972 281 2030 hanc
309 1983 440 2033 nostram
468 1972 641 2047 dictionem,
670 1975 724 2034 sed
752 1985 852 2035 tamen
885 1974 917 2034 in
944 1974 991 2035 his
1019 1975 1090 2053 ipsis
1117 1977 1207 2037 rebus

202 2070 349 2144 permulta
372 2080 450 2142 sunt,
475 2089 551 2146 quae
575 2069 632 2148 ipsi
656 2069 795 2148 magistri,
817 2070 870 2148 qui
891 2071 1029 2132 rhetorici
1053 2084 1205 2146 vocantur,

157 2189 189 2240 53
202 2184 259 2229 nec
274 2166 393 2226 tradunt
413 2187 469 2228 nec
490 2179 619 2228 tenent¹
645 2167 721 2245 Quis
742 2167 824 2229 enim
847 2167 942 2229 nescit
964 2169 1124 2230 maximam
1144 2169 1205 2230 vim

201 2261 341 2323 exsistere
354 2264 478 2325 oratoris
496 2264 528 2324 in
547 2264 704 2326 hominum
724 2265 875 2326 mentibus
889 2268 936 2326 vel
953 2267 991 2326 ad
1006 2265 1080 2326 iram
1094 2276 1146 2327 aut
1165 2269 1253 2328 adro

201 2359 306 2420 odium
333 2372 386 2421 aut
412 2363 452 2422 ad
479 2362 615 2423 dolorem
643 2361 802 2423 incitandis
829 2365 877 2423 vel
904 2364 944 2423 ab
976 2362 1059 2424 hisce
1091 2363 1205 2424 eisdem

200 2457 437 2536 permotionibus
458 2459 498 2520 ad
521 2458 673 2519 lenitatem
695 2458 990 2536 misericordiamque
1008 2459 1206 2534 revocandis?
1253 2498 1254 2501 =

200 2556 288 2631 Quae
302 2554 358 2615 nisi
372 2554 424 2632 qui
437 2566 558 2616 naturas
571 2555 728 2616 hominum
740 2555 861 2632 vimque
875 2576 998 2617 omnem
1012 2555 1205 2617 humanitatis

199 2671 365 2729 causasque
379 2672 437 2725 eas,
450 2651 559 2730 quibus
574 2664 690 2713 mentes
704 2664 755 2713 aut
770 2651 930 2713 incitantur
940 2664 991 2714 aut
1002 2655 1202 2728 reflectuntur,

199 2749 318 2829 penitus
329 2750 517 2828 perspexerit,
529 2749 660 2812 dicendo
671 2752 754 2828 quod
765 2753 845 2811 volet
855 2753 997 2829 perficere
1008 2772 1070 2813 non
1085 2752 1201 2830 poterit.
1219 2779 1248 2829 ²5

153 2867 185 2918 54
199 2850 300 2924 Atque
332 2857 412 2908 totus
439 2846 490 2909 hic
524 2848 607 2908 locus
637 2847 886 2926 philosophorum
914 2849 1049 2927 proprius
1076 2850 1202 2925 videtur,

198 2964 298 3021 neque
322 2955 420 3005 orator
441 2965 491 3005 me
512 2957 633 3007 auctore
655 2966 799 3024 umquam
820 2947 997 3025 repugnabit
1007 2969 1016 3022 3
1046 2950 1109 3022 sed,
1133 2969 1203 3010 cum

197 3040 254 3101 illis
275 3040 477 3118 cognitionem
498 3061 596 3103 rerum
618 3043 806 3117 concesserit,
821 3046 905 3121 quod
927 3043 959 3105 in
981 3065 1018 3105 ea
1040 3047 1138 3107 solum
1161 3047 1203 3107 illi

196 3136 344 3199 voluerint
367 3138 528 3212 elaborare,
553 3139 760 3201 tractationem
784 3139 935 3214 orationis,
961 3161 1039 3219 quae
1063 3142 1128 3203 sine
1152 3142 1203 3203 illa

197 3231 322 3296 scientia
345 3243 390 3294 est
411 3236 502 3307 nulla,
525 3234 583 3296 sibi
606 3237 744 3296 adsumet
755 3258 763 3309 ;
791 3238 851 3297 hoe
873 3236 954 3298 enim
979 3248 1025 3298 est
1048 3239 1200 3318 proprium
1216 3265 1248 3314 30

148 3386 182 3445 13
197 3330 329 3404 oratoris,
353 3332 438 3409 quod
461 3352 550 3410 saepe
575 3332 634 3393 iam
657 3333 727 3407 dixi,
752 3333 848 3396 oratio
871 3334 966 3413 gravis
989 3346 1019 3397 et
1043 3349 1148 3398 ornata
1171 3349 1202 3399 et

151 3477 181 3528 55
197 3427 354 3488 hominum
372 3427 509 3491 sensibus
522 3449 559 3492 ac
577 3431 728 3492 mentibus
747 3435 984 3494 accommodata
1028 3435 1148 3510 Quibus
1162 3439 1202 3498 de

227 3581 260 3631 M
267 3582 351 3631 HE
366 3615 368 3620 -
446 3582 658 3646 4pr0priamu.
743 3585 847 3650 Ι1611111]
867 3586 942 3636 iisH
1007 3603 1037 3650 ¹7
1055 3588 1109 3652 his]
1127 3589 1205 3639 iisH

196 3662 228 3709 ¹9
244 3648 379 3697 maximam
390 3649 457 3713 vulg.
468 3665 474 3699 :
492 3650 602 3698 maxime
610 3648 663 3697 ML
784 3667 815 3700 21
834 3653 867 3701 ad
878 3653 995 3702 dolorem
1007 3652 1030 3701 L
1042 3670 1048 3703 :
1065 3654 1098 3702 ad
1109 3670 1158 3705 om.
1171 3654 1202 3702 M

193 3728 226 3776 ²3
237 3713 393 3776 quamde:
405 3714 660 3776 quarePasaerattits
725 3717 759 3765 26
774 3718 846 3780 atqui
858 3733 913 3768 nrt.
980 3734 1013 3782 ³0
1024 3720 1094 3769 enirn
1105 3737 1157 3773 om.
1171 3717 1204 3767 M
