2648 4216
453 265 512 325 uu
533 263 740 327 oanroas
782 267 816 327 11
1149 277 1254 342 ,με

130 428 221 489 totius
248 428 370 491 rationis
391 428 423 491 in
444 430 576 492 dicendo
595 442 626 493 et
646 431 730 493 istius
752 431 846 511 ipsius
867 435 1023 508 facultatis,
1045 453 1138 513 quam

130 528 224 587 modo
239 527 363 588 Crassus
377 527 409 589 in
423 530 540 590 caelum
554 528 652 590 verbis
665 529 778 603 extulit,
793 542 852 592 tres
866 542 937 592 sunt
951 551 1005 605 res,
1021 542 1054 592 ut
1068 541 1140 593 ante

129 622 209 684 dixi:
237 644 299 686 una
324 624 582 687 conciliandorum
610 625 777 700 hominurn,
800 629 893 688 altera
920 630 1136 704 docendorum,

128 720 215 782 tertia
236 720 493 784 concitandorum.
537 727 655 784 Hamm
683 724 772 785 trium
797 725 925 804 partium
948 725 1043 804 prima
1067 726 1199 799 leni-129

100 834 114 885 5
129 830 221 880 tatem
235 819 386 893 orationis,
401 822 535 882 secunda
550 841 688 895 acumen,
704 821 790 883 tertia
803 822 864 882 vim
878 823 1046 898 desiderat;
1066 844 1137 884 narn

128 917 188 978 hoc
205 937 329 978 necesse
348 929 401 992 est,
419 929 453 979 ut
471 917 505 992 is,
525 917 578 996 qui
599 919 687 980 nobis
708 939 829 980 causam
850 920 1073 982 adiudicaturus
1090 920 1136 995 sit,

126 1026 180 1075 aut
193 1014 387 1076 inclinatione
398 1015 558 1076 voluntatis
573 1018 758 1096 propendeat
773 1016 804 1076 in
818 1037 875 1078 nos
889 1029 940 1078 aut
955 1017 1138 1079 defensionis

126 1111 492 1189 argumentis'adducatur
509 1124 561 1173 aut
581 1113 674 1174 animi
694 1113 882 1191 permotione
903 1127 1033 1192 cogatur.
1075 1116 1136 1176 Sed

127 1209 271 1287 quoniam
299 1209 350 1270 illa
380 1230 456 1289 pars,
485 1209 517 1271 in
544 1231 605 1289 qua
632 1231 730 1272 rerum
757 1211 889 1291 ipsarum
916 1212 1073 1290 explicatio
1100 1232 1136 1274 ac

84 1329 114 1363 ιο
127 1306 263 1367 defensio
290 1308 388 1385 posita
415 1319 468 1382 est,
497 1307 615 1369 videtur
641 1328 764 1370 omnem
792 1308 880 1370 huius
907 1309 1023 1388 generis
1051 1309 1137 1390 quasi

126 1403 295 1465 doctrinam
322 1405 484 1480 continere,
510 1408 550 1467 de
576 1426 613 1467 ea
640 1406 769 1485 primum
798 1408 956 1484 loquemur
982 1418 1012 1469 et
1040 1428 1136 1487 pauca

126 1501 282 1564 dicemus:
304 1523 401 1583 pauca
413 1503 495 1565 enim
509 1516 588 1578 sunt,
604 1525 681 1583 quae
700 1525 756 1564 usu
776 1504 836 1564 iam
852 1516 975 1565 tractata
989 1517 1019 1566 et
1032 1505 1135 1567 animo

126 1598 211 1677 quasi
232 1611 335 1661 notata
351 1601 462 1662 habere
478 1601 640 1662 videamur.
684 1605 730 1662 Ac
750 1601 806 1662 tibi
822 1601 971 1679 sapienter
989 1603 1132 1676 monenti,
1148 1578 1190 1636 3⁰

126 1697 243 1770 Crasse,
258 1697 386 1758 libenter
397 1697 608 1773 adsentiamur,
621 1709 654 1758 ut
667 1698 849 1776 singularum
864 1718 1019 1760 causarum
1034 1702 1135 1761 defen·
1150 1669 1196 1718 ¹³⁰

84 1792 225 1868 15si0nes
256 1814 331 1873 quas
358 1798 456 1858 solent
484 1794 615 1874 magistri
642 1795 742 1875 pueris
768 1798 901 1870 tradere,
922 1796 1132 1875 relinquamus,

124 1891 292 1969 aperiamus
319 1904 420 1955 autem
451 1893 549 1971 capita
578 1913 622 1967 ea,
651 1895 733 1955 unde
761 1893 860 1954 omnis
886 1896 926 1955 ad
953 1914 1076 1956 omnem
1103 1905 1134 1957 et

124 2009 246 2050 causam
263 2001 294 2053 et
312 1992 478 2053 orationem
495 1990 658 2069 disputatio
673 1991 799 2052 ducitur.
844 1994 952 2071 Neque
966 1993 1046 2054 enim
1061 2013 1134 2072 quo

125 2090 202 2151 tiens
225 2091 350 2152 verbum
374 2089 499 2168 aliquod
522 2100 567 2150 est
594 2089 786 2152 scribendum
811 2091 907 2165 nobis,
932 2090 1041 2152 totiens
1068 2091 1133 2154 eius

124 2187 206 2249 verbi
225 2189 339 2250 litterae
360 2198 430 2249 sunt
451 2187 631 2266 cogitatione
652 2188 895 2266 conquirendae3
922 2209 979 2250 nec
994 2189 1132 2267 quotiens

80 2309 111 2343 ιο
125 2307 215 2348 causa
228 2288 358 2349 dicenda
370 2299 426 2363 est,
439 2286 549 2348 totiens
562 2287 602 2346 ad
616 2284 679 2346 eius
694 2305 802 2346 causae
815 2285 945 2364 seposita
958 2299 1133 2365 argumenta

123 2386 234 2446 revolvi
252 2407 309 2447 nos
323 2397 449 2464 oportet,
465 2386 519 2446 sed
538 2385 648 2445 habere
667 2395 763 2444 certos
784 2385 875 2457 locos,
892 2384 952 2462 qui,
968 2396 1001 2445 ut
1017 2385 1131 2446 litterae

122 2466 311 2546 adverbum
339 2485 540 2557 scribendum,
566 2482 609 2542 sic
637 2481 679 2540 illi
705 2483 745 2542 ad
773 2500 894 2542 causam
922 2481 1130 2560 explicandam

122 2581 222 2643 statim
244 2594 407 2644 occurrant.
452 2583 512 2643 Sed
533 2580 565 2640 hi
586 2579 645 2640 loci
665 2578 694 2640 ei
715 2581 838 2640 demum
859 2578 967 2640 oratori
988 2583 1192 2658 prodessent

123 2682 257 2758 possunt,
280 2681 333 2760 qui
360 2692 406 2743 est
433 2691 565 2742 versatus
592 2677 624 2738 in
651 2697 749 2738 rerum
772 2679 819 2737 vel
847 2697 911 2752 usu,
935 2698 1027 2756 quem
1048 2690 1130 2740 aetas

79 2791 108 2840 ²5
122 2777 253 2855 denique
267 2781 389 2853 adferet,
404 2781 452 2840 vel
471 2777 624 2840 auditione
641 2788 672 2837 et
690 2775 878 2854 cogitatione,
894 2797 971 2853 quae
986 2777 1086 2838 studio
1099 2787 1131 2838 et

122 2875 275 2954 diligentia
295 2876 495 2955 praecucurrit
515 2888 652 2937 aetatem.
697 2876 777 2934 Nam
799 2873 824 2933 si
844 2885 878 2934 tu
898 2873 973 2934 mihi
994 2875 1130 2953 quamvis

122 2974 272 3035 eruditum
292 2974 446 3036 hominem
464 2972 631 3048 adduxeris,
647 2971 783 3051 quamvis
800 2992 899 3032 acrem
918 2982 948 3032 et
962 2985 1084 3033 acutum
1098 2973 1130 3036 in

121 3070 291 3149 cogitand0,
315 3073 451 3151 quamvis
475 3074 515 3133 ad
542 3071 797 3150 pronuntiandum
820 3070 1001 3148 expeditum,
1025 3071 1051 3132 si
1075 3071 1149 3135 erit.
1184 3123 1186 3128 .

121 3167 203 3229 idem
224 3168 256 3229 in
277 3169 495 3231 consuetudine
511 3168 645 3243 civitatis,
661 3167 693 3228 in
711 3168 863 3247 exemplis,
882 3168 914 3228 in
932 3168 1080 3244 institutis,
1097 3169 1129 3230 in

76 3285 110 3334 30
123 3266 256 3328 moribus
270 3288 306 3328 ac
316 3267 519 3329 voluntatibus
533 3266 643 3328 civium
658 3286 780 3327 suorum
795 3268 912 3344 hospes,
923 3288 986 3330 non
1000 3271 1128 3342 multum

156 3421 188 3470 M
198 3445 219 3462 ιι
231 3420 315 3472 ΑΕΗ
380 3439 391 3471 1
410 3423 517 3471 rationis
527 3421 572 3470 M:
590 3422 715 3471 orationis
723 3422 792 3485 vulg.
804 3439 810 3469 :
829 3422 1013 3473 moderationis
1024 3423 1131 3488 Madvig

121 3486 190 3538 Adv.
204 3487 240 3538 iii.
252 3487 286 3551 9o
356 3505 372 3537 a
388 3504 431 3538 res
443 3487 577 3536 Fn'edrich:
596 3487 710 3536 rationes
723 3487 789 3536 codd.
857 3488 873 3534 B
890 3495 934 3538 aut
946 3490 1029 3554 vulga:
1053 3491 1085 3540 ab
1098 3490 1129 3539 M

120 3568 139 3614 9
155 3553 317 3617 inquavulg.
328 3553 440 3616 :rquaM
506 3568 536 3600 ra
553 3553 738 3616 usuiamvulg.
753 3552 975 3604 :vis...viamM
1038 3563 1083 3606 et.
1097 3592 1125 3606 ..

122 3625 210 3667 notata
221 3634 269 3669 om,
285 3618 317 3667 M
400 3635 430 3680 13
447 3625 570 3667 monente
582 3618 611 3666 L.
626 3618 721 3666 Crasso
735 3616 767 3665 M
856 3633 889 3666 aa
906 3620 1085 3681 explicandum
1098 3623 1130 3670 Μ

121 3699 152 3744 24
165 3698 250 3732 rerum
259 3685 291 3732 M
298 3701 305 3733 ε
323 3685 400 3733 rebus
407 3683 431 3732 L
438 3683 505 3748 vulg.
564 3697 596 3745 25
608 3683 691 3732 adfert
698 3682 734 3730 1²²
742 3683 809 3749 vulg.
878 3685 912 3732 26
923 3687 1066 3747 praecurrit
1075 3687 1127 3736 mL
