2648 4216
101 244 180 304 18⁶⁶
471 245 515 304 M.
537 245 666 304 TVLLI
688 242 922 306 CICERONIS

146 415 179 483 67
191 409 331 488 expedire
345 409 502 490 possimus.
540 409 662 488 Reliqui
675 420 745 470 sunt
760 408 948 488 Peripatetici
962 421 992 472 et
1005 408 1205 486 Academici;

191 527 375 586 quamquam
403 506 655 568 Academicorum
689 527 801 569 nomen
829 519 875 568 est
901 528 1005 582 unum,
1034 507 1204 570 sententiae

191 606 288 679 duae;
323 625 393 664 nam
421 605 606 684 Speusippus
634 604 768 665 Platonis
800 603 907 666 sororis
935 604 1013 666 filius
1042 616 1072 666 et
1100 607 1205 666 Xeno

175 690 295 777 crates,
315 702 368 780 qui
389 705 546 763 Platonem
566 702 709 775 audierat,
728 713 759 763 et
778 702 832 780 qui
852 705 1052 765 Xenocratem
1074 704 1204 771 Polemo

191 809 223 859 et
237 800 371 872 Crantor,
392 800 467 860 nihil
485 800 525 860 ab
543 799 711 872 Aristotele,
728 799 780 877 qui
801 819 862 858 una
881 799 1016 861 audierat
1032 801 1201 874 Platonem,
1218 817 1232 868 5

192 916 303 974 magno
333 917 424 976 opere
456 896 613 972 dissensit;
648 896 736 975 copia
770 898 894 957 sortasse
926 908 957 957 et
986 896 1128 958 varietate
1159 896 1204 958 di-

192 992 282 1053 cendi
295 1013 380 1073 pares
394 1013 457 1053 non
470 995 607 1054 fuerunt:
628 993 777 1053 Arcesilas
790 992 929 1071 primum,
941 992 994 1071 qui
1003 995 1203 1054 Polemonem

192 1089 334 1163 audierat,
355 1111 392 1151 ex
412 1089 498 1150 variis
519 1089 651 1150 Platonis
672 1089 754 1149 libris
775 1089 1024 1168 sermonibusque
1042 1089 1203 1151 Socraticis

193 1189 252 1247 hoc
266 1186 394 1247 maxime
407 1186 545 1265 adripuit,
561 1186 636 1246 nihil
653 1206 719 1249 esse
737 1185 810 1247 certi
824 1187 907 1263 quod
925 1196 977 1246 aut
996 1185 1132 1246 sensibus
1148 1197 1203 1246 aut

192 1284 295 1345 animo
315 1283 428 1362 percipi
448 1283 563 1362 possit3
593 1304 685 1362 quem
709 1285 807 1345 serunt
828 1283 937 1344 eximio
959 1285 1091 1362 quodam
1112 1303 1202 1343 usum
1219 1303 1251 1341 ro

193 1385 295 1461 lepore
323 1381 444 1444 dicendi
473 1392 665 1460 aspernatum
697 1401 763 1442 esse
793 1401 884 1442 omne
915 1381 1009 1441 animi
1036 1401 1203 1459 sensusque

159 1523 160 1526 ,
193 1479 338 1541 iudicium
359 1480 549 1558 primumque
570 1479 957 1558 instituisse-quamquam
976 1478 1008 1540 id
1026 1479 1082 1539 fuit
1100 1481 1204 1540 Socra-

194 1577 287 1638 ticum
302 1578 534 1639 maxime-non
548 1577 622 1655 quid
636 1576 701 1655 ipse
715 1577 837 1638 sentiret
851 1578 1017 1652 ostendere,
1029 1579 1083 1638 sed
1098 1588 1203 1638 contra

150 1691 182 1741 68
195 1675 234 1748 id,
251 1677 334 1753 quod
348 1675 476 1753 quisque
493 1696 525 1736 se
546 1674 656 1736 sentire
674 1673 806 1749 dixisset,
820 1674 979 1752 disputare.
1024 1673 1108 1734 Hinc
1126 1676 1202 1735 haec

194 1772 341 1835 recentior
353 1772 520 1834 Academia
538 1771 677 1845 manavit,
693 1771 725 1831 in
744 1792 804 1850 qua
824 1771 934 1832 exstitit
952 1771 1054 1834 divina
1070 1774 1203 1850 quadam
1219 1790 1248 1842 15

194 1870 344 1932 celeritate
371 1870 471 1948 ingeni
499 1869 681 1947 dicendique
705 1869 792 1947 copia
815 1870 985 1931 Carneades
997 1891 1007 1944 ;
1035 1869 1120 1930 cuius
1144 1889 1203 1948 ego

194 1968 250 2029 etsi
282 1970 393 2028 multos
425 1967 576 2028 auditores
608 1966 735 2044 cognovi
765 1966 901 2040 Athenis,
932 1977 1033 2028 tamen
1065 1978 1203 2028 auctores

194 2064 374 2127 certissimos
396 2067 516 2125 laudare
536 2084 660 2142 possum
682 2075 712 2125 et
734 2085 871 2126 socerum
893 2085 994 2127 meum
1017 2067 1201 2137 Scaevolam,

193 2162 247 2240 qui
268 2182 337 2223 eum
359 2165 477 2223 Romae
497 2161 611 2223 audivit
631 2164 817 2237 adulescens,
835 2174 865 2225 et
884 2166 922 2241 Q.
940 2165 1098 2224 Metellum
1116 2165 1150 2223 1.
1167 2165 1200 2223 F.

194 2260 369 2321 familiarem
390 2280 500 2333 meum,
516 2259 713 2320 clarissimum
726 2259 831 2334 virum,
847 2260 899 2339 qui
918 2260 1003 2322 illum
1017 2281 1035 2320 a
1052 2281 1084 2321 se
1101 2262 1203 2322 adule-
1218 2279 1251 2317 πο

196 2368 298 2418 scente
312 2357 439 2418 Athenis
454 2357 514 2416 iam
527 2358 679 2418 adiectum
694 2368 847 2418 senectute
862 2360 972 2419 multos
985 2357 1051 2421 dies
1065 2357 1203 2418 auditum

146 2425 183 2568 ξ
196 2475 261 2517 esse
276 2454 404 2517 dicebat.
448 2458 535 2516 Haec
548 2466 659 2529 autem,
675 2466 708 2516 ut
726 2476 764 2516 ex
777 2455 961 2536 Appennino
975 2455 1145 2530 fluminum,
1160 2455 1203 2516 sic

161 2578 164 2584 ’
195 2573 232 2614 ex
245 2552 400 2614 communi
414 2552 577 2631 sapientiae
590 2552 661 2631 iugo
674 2564 744 2613 sunt
758 2554 961 2624 doctrinarum
974 2555 1052 2614 lacta
1066 2553 1203 2628 divortia,

194 2661 227 2710 ut
248 2649 419 2729 philosophi
440 2661 594 2728 tamquam
615 2649 646 2709 in
667 2670 808 2728 superum
828 2671 909 2712 mare
927 2645 1074 2732 [Ionium]
1092 2652 1204 2712 deflue-

194 2758 260 2809 rent
284 2749 433 2809 Graecum
458 2748 612 2825 quoddam
635 2757 666 2807 et
687 2759 874 2825 portuosum,
894 2759 1025 2809 oratores
1047 2759 1148 2808 autem
1170 2748 1203 2808 in
1218 2768 1248 2817 25

194 2844 321 2906 inferum
345 2847 413 2918 hoc,
433 2846 568 2905 Tuscum
593 2855 623 2906 et
645 2845 812 2920 barbarum,
835 2847 1027 2924 scopulosum
1048 2856 1139 2924 atque
1160 2845 1203 2905 in-

151 2970 182 3029 7⁰
194 2944 303 3004 festum
317 2944 494 3017 laberentur,
510 2943 541 3003 in
559 2963 620 3021 quo
640 2944 730 3004 etiam
752 2942 816 3022 ipse
831 2943 935 3005 Ulixes
956 2954 1087 3004 errasset.
1131 2945 1203 3018 Qua

193 3059 233 3113 re,
249 3039 275 3100 si
288 3042 345 3100 hac
364 3041 535 3120 eloquentia
553 3051 644 3119 atque
665 3043 724 3101 hoc
743 3052 859 3101 oratore
872 3040 1006 3101 contenti
1020 3060 1134 3115 sumus,
1149 3039 1202 3118 qui

194 3137 267 3198 sciat
294 3149 346 3198 aut
373 3159 481 3217 negare
509 3150 653 3217 oportere,
678 3141 761 3217 quod
788 3159 920 3217 arguare,
941 3148 1001 3210 aut,
1026 3137 1051 3199 si
1078 3137 1110 3200 id
1137 3159 1201 3198 non

194 3233 298 3312 possis,
317 3246 382 3295 tum
403 3239 570 3311 ostendere,
585 3238 668 3313 quod
689 3235 714 3296 is
734 3234 847 3310 fecerit,
860 3234 913 3313 qui
934 3234 1127 3308 insimuletur,
1148 3245 1201 3295 aut
1216 3258 1250 3306 3⁰

193 3344 274 3394 recte
290 3334 402 3393 iactum
422 3345 474 3393 aut
493 3333 614 3394 alterius
635 3335 723 3412 culpa
743 3343 795 3400 aut
815 3332 921 3392 iniuria
940 3344 992 3392 aut
1009 3353 1045 3394 ex
1063 3335 1128 3410 lege
1148 3344 1202 3393 aut

193 3450 256 3490 non
267 3441 371 3490 contra
381 3433 477 3508 legem
491 3442 543 3490 aut
557 3429 757 3508 imprudentia
770 3440 822 3490 aut
835 3429 1013 3504 necessario,
1023 3441 1074 3489 aut
1085 3450 1148 3490 non
1162 3450 1201 3490 eo

226 3589 244 3635 6
260 3587 383 3636 dissensit
393 3586 482 3636 codd:
499 3586 680 3635 dissenserunt
691 3583 835 3634 Lambinus
943 3601 960 3646 9
977 3585 1041 3634 certi
1058 3584 1118 3632 delet
1132 3584 1202 3632 Bake

194 3668 225 3714 23
243 3653 387 3714 sapientiae
398 3651 514 3700 Nonius:
531 3651 689 3712 sapientium
701 3650 768 3700 codd.
876 3666 908 3711 24
927 3650 1026 3699 lonium
1037 3651 1090 3700 secl.
1102 3649 1203 3712 Kayser

194 3734 226 3779 32
243 3724 287 3767 aut
298 3733 350 3766 non
362 3732 394 3765 eo
405 3716 474 3781 vulgi.
486 3735 492 3766 :
508 3723 553 3766 aut
565 3717 636 3766 ineo
647 3716 715 3766 codd.
