2648 4216
471 277 530 336 DE
551 275 757 337 ORATORE
779 276 794 336 Ι
1152 276 1186 336 18
1201 285 1232 339 ta

131 432 187 506 abs
201 455 231 506 te
245 445 340 506 modo
353 451 423 505 sunt
437 443 592 518 nominati,
602 454 674 505 'cum
688 446 747 505 hoc
758 443 860 506 nescio
874 463 936 523 quo
950 445 1043 506 modo
1057 444 1139 523 apud

132 563 186 604 eos
209 541 427 615 increbruisset,
451 562 501 603 me
521 542 553 603 in
576 542 673 604 causis
695 541 857 603 maioribus
882 541 968 603 sicuti
993 554 1023 603 te
1043 544 1139 603 solere

131 639 249 714 versari,
264 658 319 717 pro
341 658 374 700 se
397 638 525 717 quisque
546 649 579 700 ut
599 650 715 718 poterat
736 641 775 701 de
796 638 896 700 officio
916 651 946 700 et
967 641 1007 701 de
1025 639 1140 700 ratione

131 736 256 798 oratoris
270 735 450 815 disputabat
484 739 605 797 Horum
618 735 677 809 alii,
689 735 776 796 sicuti
790 734 846 797 iste
856 735 920 814 ipse
932 737 1138 810 Mnesarchus,
1154 751 1185 810 83

101 836 198 908 5hos‚
224 852 301 911 quos
322 853 378 893 nos
401 844 532 895 oratores
554 853 738 907 vocaremus,
758 832 832 893 nihil
853 852 919 894 esse
940 833 1060 895 dicebat
1082 831 1140 894 nisi

130 933 281 1010 quosdam
305 929 456 1009 operarios
483 929 585 1008 lingua
611 929 700 991 celeri
727 942 757 991 et
784 930 961 1004 exercitata;
991 941 1139 991 oratorem

131 1039 243 1102 autem,
264 1026 321 1087 nisi
343 1026 396 1105 qui
418 1026 537 1105 sapiens
558 1038 645 1101 esset,
661 1047 727 1088 esse
747 1026 909 1101 neminem,
931 1038 1022 1104 atque
1042 1026 1139 1104 ipsam

132 1124 345 1203 eloquentiam,
361 1126 444 1202 quod
458 1144 495 1185 ex
509 1124 587 1185 bene
601 1123 723 1185 dicendi
736 1123 861 1185 scientia
874 1135 1031 1197 constaret,
1047 1143 1139 1184 unam

132 1223 286 1300 quandam
295 1241 361 1282 esse
371 1220 518 1295 virtutem,
535 1232 565 1282 et
579 1221 632 1299 qui
642 1241 734 1281 unam
744 1221 882 1283 virtutem
897 1221 1029 1296 haberet,
1041 1219 1139 1282 omnis

86 1350 119 1385 ιο
132 1319 245 1379 habere
258 1337 370 1396 easque
387 1338 453 1379 esse
472 1318 549 1379 inter
568 1338 600 1379 se
622 1317 755 1396 aequalis
769 1329 799 1379 et
813 1317 891 1396 paris
901 1339 910 1393 3
930 1317 980 1392 ita,
995 1318 1048 1396 qui
1062 1329 1140 1379 esset

133 1418 288 1494 eloquens,
303 1435 373 1476 eum
387 1415 510 1476 virtutes
528 1415 627 1477 omnis
646 1416 757 1477 habere
775 1427 866 1493 atque
884 1435 950 1477 esse
964 1416 1138 1494 sapientem.

133 1514 195 1574 Sed
218 1514 294 1573 haec
316 1524 378 1573 erat
400 1512 522 1590 spinosa
545 1514 694 1590 quaedam
716 1524 747 1574 et
769 1512 852 1573 exilis
874 1513 969 1573 oratio
991 1514 1140 1591 longeque

132 1631 153 1670 a
179 1609 288 1671 nostris
316 1608 454 1671 sensibus
481 1610 668 1671 abhorrebat
722 1611 909 1671 Charmadas
941 1630 1011 1670 vero
1045 1612 1140 1671 multo
1153 1625 1186 1690 84

133 1706 255 1768 uberius
287 1705 402 1767 eisdem
435 1708 475 1768 de
502 1708 591 1768 rebus
619 1706 805 1785 loquebatur,
835 1726 897 1766 non
925 1726 987 1784 quo
1014 1707 1141 1785 aperiret

91 1825 120 1874 ιε,
134 1803 313 1865 sententiam
338 1823 423 1864 suam
433 1826 442 1878 ;
470 1803 521 1864 hic
544 1803 625 1865 enim
649 1823 715 1865 mos
737 1816 799 1864 erat
821 1803 932 1882 patrius
957 1803 1140 1866 Academiae

133 1900 283 1963 adversari
297 1920 415 1979 semper
433 1901 575 1962 omnibus
589 1900 621 1961 in
635 1901 838 1979 disputand03
859 1902 913 1962 sed
927 1921 997 1962 curn
1013 1900 1141 1962 maxime

134 2009 236 2059 tamen
255 1999 314 2058 hoc
335 1996 530 2075 significabat,
554 2017 615 2071 eos,
639 1997 691 2075 qui
712 2000 845 2059 rhetores
865 1997 1091 2060 nominarentur
1111 2010 1141 2060 et

134 2094 187 2172 qui
209 2093 331 2156 dicendi
355 2106 514 2173 praecepta
536 2096 694 2168 traderent,
714 2094 789 2156 nihil
810 2098 899 2173 plane
921 2107 1023 2157 tenere
1042 2115 1141 2174 neque

135 2211 225 2269 posse
237 2211 421 2271 quemquam
435 2194 607 2254 facultatem
621 2192 746 2271 adsequi
763 2192 939 2268 dicendi,
910 2193 967 2254 nrsi
980 2213 1033 2272 qur
1025 2193 1141 2272 philo

90 2313 122 2348 ro
136 2290 299 2366 sophorum
327 2288 448 2350 inventa
472 2289 633 2351 didicisset
678 2289 880 2368 Disputabant
908 2302 1012 2352 eontra
1040 2261 1191 2386 diserti319

135 2384 273 2447 homines
287 2386 488 2448 Athenienses
509 2399 539 2448 et
559 2386 591 2447 in
612 2407 643 2447 re
664 2386 785 2465 publica
803 2387 960 2465 causisque
979 2388 1094 2461 versati,
1110 2389 1142 2449 in
1155 2340 1186 2408 8⁵

135 2481 203 2559 quis
227 2493 289 2543 erat
317 2482 407 2544 etiarn
435 2483 469 2558 is,
498 2483 551 2562 qui
578 2504 673 2562 nuper
699 2487 816 2544 Romae
840 2484 904 2558 luit,
931 2487 1140 2560 Menedemus,

135 2580 246 2657 hospes
260 2600 346 2640 meus
356 2602 365 2655 ;
386 2580 527 2658 quicum
549 2581 661 2643 diceret
682 2601 748 2642 esse
768 2583 922 2659 quandam
942 2582 1141 2660 prudentiam,

136 2694 214 2754 quae
226 2688 391 2738 versaretur
403 2677 435 2738 in
455 2678 669 2757 perspiciendis
688 2678 852 2739 rationibus
866 2678 1142 2740 constituendarum

90 2788 121 2838 ²5
136 2783 166 2835 et
183 2775 380 2851 regendarum
399 2795 498 2836 rerum
517 2775 713 2854 publicarum,
735 2775 917 2836 excitabatur
935 2777 1029 2836 homo
1046 2796 1142 2854 prom-

136 2882 206 2950 ptus
224 2882 316 2949 atque
336 2871 421 2932 omni
438 2873 598 2933 abundans
617 2872 754 2934 doctrina
774 2884 804 2933 et
825 2874 956 2950 quadam
976 2871 1143 2933 incredibili

136 2966 277 3028 varietate
299 2988 398 3029 rerum
413 2980 504 3048 atque
519 2969 623 3048 copia:
644 2970 743 3032 omnis
758 2970 839 3031 enim
853 2970 944 3048 partis
958 2969 1036 3030 illius
1050 2969 1143 3048 ipsius
1181 3032 1183 3036 .

137 3063 314 3142 prudentiae
335 3068 481 3144 petendas
501 3087 567 3127 esse
587 3088 606 3128 a
626 3067 817 3146 philosophia
836 3068 965 3129 docebat
984 3086 1083 3144 neque
1097 3087 1141 3139 ea,

138 3181 216 3238 quae
244 3173 443 3224 statuerentur
463 3163 495 3224 in
523 3184 555 3225 re
577 3164 699 3242 publica
720 3167 759 3226 de
783 3165 830 3226 dis
854 3164 1080 3238 immortalibus,
1104 3165 1143 3224 de

89 3270 126 3324 30
138 3256 296 3336 disciplina
306 3258 476 3334 iuventutis,
488 3262 528 3322 de
538 3260 658 3334 iustitia,
669 3263 710 3322 de
723 3261 874 3339 patientia,
886 3263 925 3322 de
939 3260 1142 3340 temperantia,

137 3356 178 3416 de
200 3358 294 3417 modo
315 3377 414 3418 rerum
436 3357 581 3431 omnium,
604 3369 770 3436 ceteraque,
793 3358 857 3419 sine
879 3358 989 3436 quibus
1011 3357 1144 3419 civitates

137 3462 191 3513 aut
212 3471 278 3515 esse
301 3465 354 3515 aut
376 3455 454 3516 bene
477 3466 609 3516 moratae
632 3474 698 3516 esse
722 3475 784 3515 non
807 3467 938 3533 possent,
963 3475 1091 3534 usquam
1112 3455 1144 3515 in

158 3592 230 3656 Με
231 3607 289 3662 ΗΕ
387 3612 511 3675 adatque
522 3626 593 3660 omnr
585 3611 736 3660 abundans
747 3609 832 3660 Bake
850 3611 882 3660 ab
893 3611 996 3661 homme
1007 3611 1145 3661 abundanti

140 3673 208 3724 codd.
279 3691 312 3736 32
323 3676 470 3726 moderatae
478 3676 543 3724 ΗΕ
