2648 4216
73 265 175 344 osan
469 270 513 328 M.
535 270 665 329 rvtut
692 269 921 332 crcnnonrs

189 433 362 496 felicitatem
376 434 472 513 ipsam
487 438 614 496 deorum
633 435 848 496 immortalium
863 436 974 499 iudicio
989 436 1079 498 tribui
1096 438 1200 498 lauda·

190 531 280 593 tionis
302 543 358 595 est.
403 533 575 596 Sumendae
602 545 704 594 autern
727 553 774 594 res
796 545 883 595 erunt
910 547 962 595 aut
990 534 1200 613 magnitudine

190 629 383 707 praestabiles
397 641 449 691 aut
464 629 596 692 novitate
610 630 724 710 primae
737 642 789 692 aut
808 650 917 709 genere
935 632 1002 711 ipso
1017 632 1200 711 singulares3

188 746 290 804 neque
309 727 390 788 enim
407 747 516 806 parvae
536 747 636 806 neque
655 728 781 789 usitatae
801 749 900 806 neque
918 731 1053 807 vulgares
1072 729 1201 791 admira-

129 830 177 895 3⁴⁸
191 823 273 885 tione
293 836 345 885 aut
368 824 494 886 omnino
518 827 608 887 laude
632 825 741 903 dignae
764 825 859 887 videri
881 828 986 887 solent.
1031 830 1085 887 Est
1107 828 1229 896 etiams

190 941 261 982 cum
285 922 391 983 ceteris
419 922 640 1002 praestantibus
663 922 732 984 viris
760 924 944 1002 comparatio
969 924 1001 984 in
1026 924 1201 986 laudatione

190 1021 347 1097 praeclara
392 1021 441 1080 De
465 1038 527 1097 quo
551 1040 661 1099 genere
685 1020 804 1082 libitum
827 1020 902 1080 mihi
926 1033 972 1082 est
996 1023 1087 1099 paulo
1114 1022 1202 1100 plura

189 1134 282 1192 quam
296 1117 487 1176 ostenderam
501 1115 609 1190 dicere,
630 1136 693 1177 non
712 1128 774 1177 tam
793 1128 914 1197 propter
932 1138 1020 1179 usum
1039 1121 1199 1192 sorensem,

189 1211 242 1290 qui
264 1223 309 1272 est
331 1232 350 1273 a
372 1233 422 1274 me
444 1213 528 1274 omni
551 1216 610 1275 hoc
635 1233 773 1274 sermone
798 1224 948 1287 tractatus,
970 1234 1062 1292 quam
1084 1226 1118 1275 ut
1140 1216 1201 1275 hoc

189 1310 338 1384 videretis,
368 1311 393 1371 si
421 1311 610 1374 laudationes
638 1324 739 1374 essent
763 1311 795 1371 in
823 1312 947 1373 oratoris
976 1312 1084 1386 officio,
1114 1315 1200 1390 quod
1216 1331 1247 1367 10

190 1428 281 1468 nemo
309 1420 406 1487 negat,
433 1409 542 1470 oratori
565 1409 708 1471 virtutum
736 1409 873 1471 omnium
896 1410 1109 1488 cognitionem,
1133 1410 1199 1471 sine

126 1529 175 1581 349
189 1527 251 1584 qua
265 1507 400 1568 laudatio
414 1507 492 1569 effici
509 1528 571 1569 non
589 1508 692 1586 possit,
708 1528 775 1569 esse
793 1509 999 1570 necessariam.
1044 1511 1110 1569 Iam
1124 1508 1199 1576 vitu-

132 1667 134 1671 ,
189 1603 314 1681 perandi
328 1617 488 1685 praecepta
508 1605 664 1667 contrariis
683 1626 720 1666 ex
740 1605 818 1667 'vitiis
837 1609 985 1667 sumenda
1004 1626 1070 1666 esse
1088 1606 1199 1685 perspi·

189 1721 281 1762 cuum
302 1713 348 1763 est
359 1723 368 1777 ;
393 1701 482 1762 simul
503 1713 549 1763 est
570 1702 645 1764 illud
666 1714 736 1763 ante
757 1705 869 1775 oculos,
887 1723 943 1764 nec
964 1704 1080 1764 bonum
1101 1702 1198 1763 virum

189 1799 309 1878 proprie
333 1810 364 1860 et
389 1799 513 1879 copiose
541 1799 656 1860 laudari
684 1799 749 1860 sine
772 1799 915 1860 virtutum
940 1820 997 1861 nec
1025 1799 1199 1878 improbum
1216 1816 1246 1868 15

189 1895 287 1957 notari
314 1916 350 1957 ac
377 1896 537 1976 vituperari
565 1896 630 1958 sine
657 1896 798 1957 vitiorum
826 1896 999 1975 cognitione
1026 1895 1097 1957 satis
1130 1896 1200 1957 insi·

188 1993 270 2072 gnite
291 2005 382 2071 atque
402 2014 507 2072 aspere
526 2015 623 2074 posse.
666 1998 770 2073 Atque
790 1994 836 2055 his
858 1994 931 2056 locis
952 2005 983 2056 et
1002 1993 1147 2064 laudandi
1168 2005 1199 2055 et

189 2090 377 2169 vituperandi
411 2112 502 2172 saepe
536 2092 625 2155 nobis
653 2103 699 2155 est
734 2096 881 2154 utendum
915 2091 947 2152 in
975 2091 1059 2154 omni
1088 2112 1199 2172 genere

189 2208 354 2250 causarum.

127 2308 177 2360 350
232 2287 361 2349 Habetis
383 2290 423 2350 de
443 2288 632 2351 inveniendis
651 2291 741 2351 rebus
761 2288 1019 2368 disponendisque
1038 2288 1113 2366 quid
1132 2308 1199 2350 sen·
1213 2307 1245 2343 πο

189 2384 262 2445 tiam
273 2406 282 2458 3
310 2384 472 2464 adiungam
499 2385 591 2447 etiam
618 2389 658 2447 de
685 2386 837 2460 memoria,
867 2397 900 2447 ut
927 2387 1030 2447 labore
1054 2387 1199 2448 Crassum

190 2484 287 2544 levem
301 2502 400 2559 neque
414 2482 442 2544 ei
457 2482 619 2561 quicquam
632 2483 723 2556 aliud,
738 2486 778 2545 de
796 2503 859 2561 quo
879 2482 1012 2556 disserat,
1030 2483 1196 2561 relinquam

134 2586 178 2647 86
191 2578 248 2640 nisi
276 2599 319 2652 ea,
352 2578 463 2657 quibus
492 2582 568 2641 haec
598 2582 795 2641 exornentur!
839 2583 951 2658 ‘Perge
979 2581 1068 2653 vero,'
1099 2579 1199 2658 inquit

191 2679 316 2739 Crassus
332 2677 478 2739 ‘libenter
491 2677 573 2738 enirn
582 2689 612 2738 te
625 2678 780 2755 cognitum
793 2677 854 2739 iam
865 2678 1009 2740 artificem
1022 2678 1198 2756 aliquando

189 2794 249 2853 que
266 2777 419 2836 evolutum
441 2775 498 2836 illis
515 2775 728 2853 integumentis
747 2775 992 2837 dissimulationis
1013 2788 1082 2838 tuae
1103 2780 1198 2838 nuda·
1212 2795 1240 2846 25

188 2886 313 2954 tumque
322 2875 469 2955 perspicio
480 2898 489 2950 3
509 2886 539 2937 et
548 2877 632 2954 quod
641 2875 715 2936 mihi
726 2875 800 2937 nihil
811 2888 862 2937 aut
873 2874 981 2958 [quod]
993 2896 1055 2937 non
1067 2879 1196 2938 multum

126 2996 172 3047 351
187 2973 337 3051 relinquis,
362 2976 578 3051 percommode
600 2973 674 3034 facis
702 2984 808 3051 estque
830 2973 905 3033 mihi
931 2976 1066 3053 gratum)
1111 2976 1196 3034 ‘Iam

185 3069 273 3143 istuc,
296 3082 442 3147 quantum
464 3070 519 3132 tibi
540 3091 597 3149 ego
619 3070 807 3149 reliquerim‚’
829 3070 926 3148 inquit
947 3070 1099 3132 Antonius
1122 3071 1196 3133 ‘erit

187 3166 219 3226 in
244 3177 295 3227 tua
318 3178 485 3247 potestate3
514 3167 539 3227 si
560 3168 641 3230 enim
662 3188 731 3230 vere
751 3188 838 3246 agere
858 3167 1002 3241 volueris,
1017 3167 1120 3228 omnia
1140 3167 1196 3229 tibi

187 3263 342 3341 relinquo;
377 3265 423 3327 sin
446 3264 642 3340 dissimulare,
666 3276 699 3326 tu
723 3285 815 3343 quem
842 3267 882 3327 ad
906 3267 1032 3327 modum
1054 3265 1100 3326 his
1123 3265 1195 3328 satis
1208 3281 1242 3332 30

186 3361 286 3436 facias,
309 3362 426 3424 videris.
470 3364 540 3436 Sed,
565 3374 599 3424 ut
622 3366 662 3426 ad
687 3383 750 3424 rem
778 3365 907 3437 redeam,
932 3384 994 3424 non
1018 3383 1086 3424 sum
1110 3373 1196 3426 tanto

186 3461 259 3545 ego?
273 3459 370 3537 inquit
387 3459 532 3537 ‘ingenio
545 3472 660 3537 quanto
674 3458 894 3520 Themistocles
908 3459 972 3533 luit,
988 3470 1022 3519 ut
1035 3458 1196 3520 oblivionis

220 3609 253 3660 Μ
263 3611 380 3668 =AEH
492 3610 670 3662 6viribusM
751 3611 980 3676 ¹comprobatioM
1059 3629 1090 3661 12
1107 3621 1196 3676 posset

186 3677 268 3739 Soros
359 3679 392 3725 26
408 3678 476 3739 quod
488 3694 539 3729 om.
554 3677 587 3726 M
682 3694 713 3739 31
733 3685 761 3726 ut
772 3695 823 3726 om,
838 3676 870 3725 Μ
