2648 4216
462 251 534 323 ,ua
555 249 798 313 oanroasr
842 293 844 297 -
1157 268 1241 335 ²¹⁹⁶.

137 416 372 496 disputationem
386 439 482 498 paene
497 418 633 480 intimam
646 419 794 495 veniretis,
807 420 858 483 vix
871 425 1038 502 optandum
1053 422 1142 484 nobis

138 515 301 577 videbatur.
346 519 411 594 Ego
425 516 515 591 enim,
531 516 583 595 qui
597 518 637 578 ab
647 516 769 579 ineunte
779 529 877 580 aetate
890 519 1030 582 incensus
1043 540 1140 582 essem
1155 538 1188 594 97

136 613 238 675 studio
257 612 410 692 utriusque
428 625 568 688 vestrum,
584 613 685 676 Crassi
702 635 773 676 vero
790 615 879 676 etiam
893 636 1003 691 amore,
1018 636 1088 677 cum
1101 617 1142 677 ab

136 731 176 773 eo
196 731 346 789 nusquam
368 711 563 785 discederem,
586 712 711 772 verbum
735 732 772 774 ex
790 732 828 774 eo
850 732 1014 791 numquam
1035 712 1142 775 elicere

106 830 122 880 ⁵
136 807 222 887 potui
236 807 314 870 devi
327 828 364 870 ac
374 808 489 871 ratione
502 808 633 882 dicendi,
645 829 715 870 cum
729 821 759 870 et
772 829 825 888 per
838 829 888 869 me
902 808 1001 887 ipsum
1014 809 1140 888 egissem

135 918 167 967 et
199 925 252 984 per
284 908 417 967 Drusum
449 925 539 983 saepe
566 917 758 983 temptassem
768 928 778 980 3
811 926 873 983 quo
900 905 931 966 in
963 926 1072 984 genere
1098 916 1140 980 tu,

136 1002 372 1077 Antoni-vere
385 1003 696 1081 loquar-numquam
708 1002 780 1063 mihi
791 1003 979 1080 percontanti
991 1015 1043 1064 aut
1053 1023 1142 1080 quae

136 1099 213 1160 renti
222 1099 341 1178 aliquid
354 1098 476 1161 defuisti
489 1109 519 1161 et
533 1119 676 1178 persaepe
689 1120 747 1174 me,
759 1119 837 1177 quae
847 1102 957 1161 soleres
968 1099 999 1160 in
1010 1099 1142 1162 dicendo

136 1197 303 1270 observare,
339 1195 493 1266 docuisti:
534 1198 633 1270 Nunc,
672 1196 815 1274 quoniam
852 1209 977 1275 uterque
1010 1208 1141 1258 vestrum
1154 1211 1187 1273 9⁸

89 1317 123 1353 ιο
136 1293 277 1372 patefecit
295 1313 397 1354 earum
418 1293 548 1372 ipsarum
570 1314 667 1355 rerum
687 1293 811 1368 aditum,
827 1313 901 1372 quas
918 1293 1096 1372 quaerimus,
1111 1304 1142 1355 et

136 1390 279 1468 quoniam
294 1390 432 1469 princeps
447 1392 572 1454 Crassus
590 1391 655 1452 eius
673 1390 818 1452 sermonis
837 1391 974 1452 ordiendi
992 1390 1056 1464 fuit,
1072 1393 1142 1452 date

136 1486 225 1547 nobis
246 1488 325 1548 hanc
349 1487 477 1562 veniam,
501 1500 534 1549 ut
558 1508 602 1562 ea,
626 1506 704 1565 quae
726 1487 840 1549 sentitis
865 1489 904 1548 de
928 1488 1012 1549 omni
1032 1508 1141 1566 genere

136 1583 267 1658 dicendi,
292 1584 440 1646 subtiliter
461 1584 681 1663 persequamini
691 1606 701 1659 ,·
730 1586 814 1663 quod
841 1584 964 1662 quidem
992 1584 1017 1645 si
1041 1584 1095 1646 erit
1122 1605 1141 1645 a

135 1679 222 1741 vobis
236 1680 436 1761 impetratum,
452 1703 591 1760 magnam
610 1682 739 1756 habebo,
755 1684 871 1756 Crasse,
889 1681 960 1743 huic
978 1683 1140 1760 palaestrae

91 1799 120 1849 ¹5
135 1790 166 1839 et
180 1780 354 1842 Tusculano
376 1791 429 1842 tuo
451 1779 575 1859 gratiam
594 1792 624 1841 et
642 1783 731 1858 longe
745 1778 927 1841 Academiae
941 1779 984 1840 illi
996 1799 1033 1840 ac
1047 1779 1140 1857 Lycio

135 1887 221 1936 tuum
239 1877 299 1938 hoc
318 1877 523 1938 suburbanum
547 1876 734 1955 gymnasium
755 1879 956 1954 anteponam’
996 1878 1077 1938 Tum
1090 1875 1140 1937 ille

137 1972 248 2034 ‘immo
272 1978 361 2049 vero,’
385 1974 483 2053 inquit
508 1973 644 2052 ‘Sulpici
669 1994 808 2052 rogemus
831 1973 1008 2047 Antonium,
1033 1973 1085 2052 qui
1109 1985 1140 2035 et

135 2082 235 2148 potest
248 2072 354 2145 facere,
369 2074 453 2149 quod
467 2070 599 2150 requiris,
611 2081 641 2131 et
655 2070 818 2143 consuevit,
830 2082 862 2131 ut
877 2082 907 2132 te
916 2070 1008 2132 audio
1022 2071 1139 2132 dicere:

136 2188 206 2228 nam
220 2188 270 2229 me
284 2168 407 2246 quidem
423 2166 530 2251 [fateor
543 2164 672 2248 semper]
686 2187 705 2227 a
721 2187 829 2245 genere
842 2169 902 2228 hoc
916 2179 981 2229 toto
994 2168 1141 2228 sermonis

90 2287 121 2320 ιο
136 2265 278 2343 refugisse
296 2277 327 2327 et
345 2265 400 2326 tibi
419 2265 552 2344 cupienti
570 2276 661 2343 atque
679 2264 801 2325 instanti
817 2263 989 2342 saepissime
1006 2284 1138 2342 negasse,

137 2359 196 2444 [ut]
216 2374 279 2425 tute
299 2366 391 2442 paulo
411 2375 483 2425 ante
501 2362 621 2438 dixisti,-
640 2363 723 2439 quod
742 2380 798 2439 ego
813 2381 874 2422 non
888 2360 1027 2440 superbia
1041 2381 1140 2438 neque

137 2459 355 2522 inhumanitate
378 2461 526 2522 faciebam
546 2481 646 2538 neque
668 2460 751 2538 quod
773 2469 826 2518 tuo
850 2458 950 2519 studio
975 2457 1140 2519 rectissimo

136 2569 227 2637 atque
240 2558 356 2637 optimo
374 2579 436 2621 non
454 2557 580 2636 obsequi
600 2560 715 2630 vellem,
731 2554 902 2633 praesertim
917 2575 986 2615 curn
1001 2566 1030 2615 te
1044 2574 1139 2614 unum

137 2677 174 2717 ex
187 2656 328 2717 omnibus
342 2658 382 2718 ad
396 2657 559 2718 dicendum
579 2655 706 2715 maxime
721 2663 824 2713 natum
838 2664 1001 2730 aptumque
1015 2670 1139 2729 cognos

90 2776 121 2826 ²⁵
137 2774 210 2828 sem,
232 2756 287 2816 sed
310 2773 360 2815 me
382 2755 503 2814 hercule
527 2751 611 2812 istius
636 2749 846 2829 disputationis
869 2748 1028 2809 insolentia
1048 2759 1140 2825 atque

136 2871 239 2912 earum
261 2870 367 2924 rerum,
383 2870 461 2928 quae
480 2848 565 2927 quasi
582 2848 613 2908 in
627 2861 689 2909 arte
704 2849 867 2920 traduntur,
883 2845 1017 2907 inscitia’
1058 2847 1138 2906 Tum
1155 2871 1202 2908 100

137 2950 228 3012 Cotta
243 2947 403 3026 ‘quoniam
418 2944 486 3030 [id,]
501 2948 584 3025 quod
598 2944 806 3006 difficillimum
821 2943 909 3005 nobis
926 2943 1090 3016 videbatur,
1105 2953 1139 3003 ut

136 3045 315 3108 omninode
333 3044 380 3106 his
400 3045 498 3119 rebus,
514 3045 629 3116 Crasse,
643 3046 806 3122 loquente,
821 3040 956 3103 adsecuti
973 3061 1084 3114 sumus,
1099 3041 1139 3100 de

136 3143 252 3221 reliquo
274 3142 335 3203 iam
360 3155 461 3204 nostra
484 3144 573 3219 culpa
599 3139 695 3214 fuerit,
724 3141 748 3202 si
777 3150 814 3212 te,
841 3138 898 3199 nisi
925 3137 1036 3212 omnia,
1061 3156 1138 3214 quae

91 3262 123 3310 30
136 3239 302 3317 percontati
320 3239 439 3313 erimus,
454 3237 616 3317 explicaris,
631 3235 848 3298 dimiserimus)
891 3238 957 3296 ‘De
971 3234 1022 3310 eis,
1038 3234 1137 3306 credo,
1154 3249 1198 3290 101

136 3337 244 3411 rebus,’
257 3336 355 3415 inquit
366 3338 491 3398 Crassus
503 3340 552 3396 ‘ut
566 3335 598 3396 in
613 3333 794 3395 cretionibus
809 3331 898 3393 scribi
912 3333 1005 3393 solet:
1027 3347 1138 3402 eravs

170 3490 288 3541 M=HE
387 3505 418 3552 ¹9
434 3490 518 3539 fateor
528 3505 579 3538 om,
593 3505 662 3539 mn:
680 3501 784 3548 semper
794 3502 845 3534 om.
858 3481 891 3536 Μ
954 3492 1036 3533 totum
1047 3484 1139 3533 maluit

135 3555 258 3606 Fn'edn‘ch
357 3570 387 3605 αι
404 3553 529 3605 utomM
633 3555 667 3601 26
682 3548 946 3602 inscitiaLNomias:
963 3547 1141 3598 inscientiaM

136 3619 341 3684 numu¹
