<?xml version="1.0" encoding="UTF-8"?>
<!DOCTYPE html PUBLIC "-//W3C//DTD XHTML 1.0 Transitional//EN"
    "http://www.w3.org/TR/xhtml1/DTD/xhtml1-transitional.dtd">
<html xmlns="http://www.w3.org/1999/xhtml" xml:lang="en" lang="en">
 <head>
  <title>
</title>
<meta http-equiv="Content-Type" content="text/html;charset=utf-8" />
  <meta name='ocr-system' content='tesseract 3.04.00' />
  <meta name='ocr-capabilities' content='ocr_page ocr_carea ocr_par ocr_line ocrx_word'/>
</head>
<body>
  <div class='ocr_page' id='page_1' title='image "./mtvlliciceronis01wilkgoog/mtvlliciceronis01wilkgoog_0135.png"; bbox 0 0 2648 4216; ppageno 0'>
   <div class='ocr_carea' id='block_1_1' title="bbox 467 254 917 319">
    <p class='ocr_par' dir='ltr' id='par_1_1' title="bbox 467 254 917 319">
     <span class='ocr_line' id='line_1_1' title="bbox 467 254 917 319; baseline 0.002 -3"><span class='ocrx_word' id='word_1_1' title='bbox 467 257 517 317; x_wconf 64' lang='lat' dir='ltr'>M„</span> <span class='ocrx_word' id='word_1_2' title='bbox 534 254 662 317; x_wconf 90' lang='lat' dir='ltr'>TVLLI</span> <span class='ocrx_word' id='word_1_3' title='bbox 684 257 917 319; x_wconf 90' lang='lat' dir='ltr'><strong>CICERONIS</strong></span> 
     </span>
    </p>
   </div>
   <div class='ocr_carea' id='block_1_2' title="bbox 132 421 1257 3338">
    <p class='ocr_par' dir='ltr' id='par_1_2' title="bbox 190 421 1199 699">
     <span class='ocr_line' id='line_1_2' title="bbox 191 421 1197 503; baseline 0.003 -19"><span class='ocrx_word' id='word_1_4' title='bbox 191 422 324 502; x_wconf 90' lang='lat' dir='ltr'>quealiis</span> <span class='ocrx_word' id='word_1_5' title='bbox 339 421 424 501; x_wconf 89' lang='lat' dir='ltr'>quasi</span> <span class='ocrx_word' id='word_1_6' title='bbox 438 425 588 501; x_wconf 91' lang='lat' dir='ltr'>praeclare</span> <span class='ocrx_word' id='word_1_7' title='bbox 601 434 670 484; x_wconf 91' lang='lat' dir='ltr'>acta</span> <span class='ocrx_word' id='word_1_8' title='bbox 682 424 825 498; x_wconf 87' lang='lat' dir='ltr'>laudaret,</span> <span class='ocrx_word' id='word_1_9' title='bbox 838 444 916 502; x_wconf 87' lang='lat' dir='ltr'>quae</span> <span class='ocrx_word' id='word_1_10' title='bbox 930 444 980 488; x_wconf 92' lang='lat' dir='ltr'>me</span> <span class='ocrx_word' id='word_1_11' title='bbox 994 427 1115 487; x_wconf 85' lang='lat' dir='ltr'>nercule</span> <span class='ocrx_word' id='word_1_12' title='bbox 1129 445 1197 503; x_wconf 91' lang='lat' dir='ltr'>ego,</span> 
     </span>
     <span class='ocr_line' id='line_1_3' title="bbox 191 519 1199 596; baseline 0.001 -13"><span class='ocrx_word' id='word_1_13' title='bbox 191 520 307 596; x_wconf 84' lang='lat' dir='ltr'>Crasse,</span> <span class='ocrx_word' id='word_1_14' title='bbox 323 541 393 582; x_wconf 94' lang='lat' dir='ltr'>cum</span> <span class='ocrx_word' id='word_1_15' title='bbox 412 541 431 581; x_wconf 92' lang='lat' dir='ltr'>a</span> <span class='ocrx_word' id='word_1_16' title='bbox 449 531 479 581; x_wconf 92' lang='lat' dir='ltr'>te</span> <span class='ocrx_word' id='word_1_17' title='bbox 499 531 662 581; x_wconf 87' lang='lat' dir='ltr'>tractantur</span> <span class='ocrx_word' id='word_1_18' title='bbox 680 519 712 580; x_wconf 91' lang='lat' dir='ltr'>in</span> <span class='ocrx_word' id='word_1_19' title='bbox 730 519 836 596; x_wconf 89' lang='lat' dir='ltr'>causis,</span> <span class='ocrx_word' id='word_1_20' title='bbox 852 523 972 583; x_wconf 90' lang='lat' dir='ltr'>horrere</span> <span class='ocrx_word' id='word_1_21' title='bbox 991 525 1092 584; x_wconf 90' lang='lat' dir='ltr'>soleo:</span> <span class='ocrx_word' id='word_1_22' title='bbox 1114 534 1199 584; x_wconf 92' lang='lat' dir='ltr'>tanta</span> 
     </span>
     <span class='ocr_line' id='line_1_4' title="bbox 190 617 1199 699; baseline 0.003 -20"><span class='ocrx_word' id='word_1_23' title='bbox 190 617 234 680; x_wconf 84' lang='lat' dir='ltr'>vis</span> <span class='ocrx_word' id='word_1_24' title='bbox 253 618 356 694; x_wconf 90' lang='lat' dir='ltr'>animi,</span> <span class='ocrx_word' id='word_1_25' title='bbox 371 630 471 680; x_wconf 90' lang='lat' dir='ltr'>tantus</span> <span class='ocrx_word' id='word_1_26' title='bbox 492 618 633 697; x_wconf 90' lang='lat' dir='ltr'>impetus,</span> <span class='ocrx_word' id='word_1_27' title='bbox 647 629 747 680; x_wconf 90' lang='lat' dir='ltr'>tantus</span> <span class='ocrx_word' id='word_1_28' title='bbox 768 621 855 680; x_wconf 91' lang='lat' dir='ltr'>dolor</span> <span class='ocrx_word' id='word_1_29' title='bbox 873 619 979 695; x_wconf 91' lang='lat' dir='ltr'>oculis,</span> <span class='ocrx_word' id='word_1_30' title='bbox 992 623 1085 696; x_wconf 91' lang='lat' dir='ltr'>vultu,</span> <span class='ocrx_word' id='word_1_31' title='bbox 1101 633 1199 699; x_wconf 89' lang='lat' dir='ltr'>gestu,</span> 
     </span>
    </p>

    <p class='ocr_par' dir='ltr' id='par_1_3' title="bbox 132 716 1228 1091">
     <span class='ocr_line' id='line_1_5' title="bbox 132 716 1198 796; baseline 0.001 -17"><span class='ocrx_word' id='word_1_32' title='bbox 132 754 134 758; x_wconf 94' lang='lat'>·</span> <span class='ocrx_word' id='word_1_33' title='bbox 190 717 285 795; x_wconf 87' lang='lat' dir='ltr'>digito</span> <span class='ocrx_word' id='word_1_34' title='bbox 299 716 431 796; x_wconf 91' lang='lat' dir='ltr'>denique</span> <span class='ocrx_word' id='word_1_35' title='bbox 450 717 508 779; x_wconf 89' lang='lat' dir='ltr'>isto</span> <span class='ocrx_word' id='word_1_36' title='bbox 523 729 576 779; x_wconf 91' lang='lat' dir='ltr'>tuo</span> <span class='ocrx_word' id='word_1_37' title='bbox 593 717 752 796; x_wconf 88' lang='lat' dir='ltr'>significari</span> <span class='ocrx_word' id='word_1_38' title='bbox 769 721 845 780; x_wconf 93' lang='lat' dir='ltr'>solet</span> <span class='ocrx_word' id='word_1_39' title='bbox 854 740 863 794; x_wconf 80' lang='lat'>3</span> <span class='ocrx_word' id='word_1_40' title='bbox 884 729 1001 780; x_wconf 91' lang='lat' dir='ltr'>tantum</span> <span class='ocrx_word' id='word_1_41' title='bbox 1020 730 1065 780; x_wconf 93' lang='lat' dir='ltr'>est</span> <span class='ocrx_word' id='word_1_42' title='bbox 1084 721 1198 781; x_wconf 91' lang='lat' dir='ltr'>flumen</span> 
     </span>
     <span class='ocr_line' id='line_1_6' title="bbox 190 815 1228 895; baseline 0.002 -19"><span class='ocrx_word' id='word_1_43' title='bbox 190 815 430 894; x_wconf 88' lang='lat' dir='ltr'>gravissimorum</span> <span class='ocrx_word' id='word_1_44' title='bbox 451 815 695 893; x_wconf 90' lang='lat' dir='ltr'>optimorumque</span> <span class='ocrx_word' id='word_1_45' title='bbox 715 816 882 890; x_wconf 91' lang='lat' dir='ltr'>verborum,</span> <span class='ocrx_word' id='word_1_46' title='bbox 899 828 961 877; x_wconf 91' lang='lat' dir='ltr'>tam</span> <span class='ocrx_word' id='word_1_47' title='bbox 982 815 1114 895; x_wconf 86' lang='lat' dir='ltr'>integrae</span> <span class='ocrx_word' id='word_1_48' title='bbox 1134 838 1228 888; x_wconf 83' lang='lat' dir='ltr'>sen-5</span> 
     </span>
     <span class='ocr_line' id='line_1_7' title="bbox 191 912 1200 994; baseline 0.002 -20"><span class='ocrx_word' id='word_1_49' title='bbox 191 913 310 988; x_wconf 86' lang='lat' dir='ltr'>tentiae,</span> <span class='ocrx_word' id='word_1_50' title='bbox 328 924 392 974; x_wconf 92' lang='lat' dir='ltr'>tum</span> <span class='ocrx_word' id='word_1_51' title='bbox 411 933 507 988; x_wconf 89' lang='lat' dir='ltr'>verae,</span> <span class='ocrx_word' id='word_1_52' title='bbox 523 925 585 974; x_wconf 90' lang='lat' dir='ltr'>tam</span> <span class='ocrx_word' id='word_1_53' title='bbox 604 932 708 987; x_wconf 90' lang='lat' dir='ltr'>novae,</span> <span class='ocrx_word' id='word_1_54' title='bbox 725 924 787 974; x_wconf 91' lang='lat' dir='ltr'>tam</span> <span class='ocrx_word' id='word_1_55' title='bbox 806 912 871 974; x_wconf 91' lang='lat' dir='ltr'>sine</span> <span class='ocrx_word' id='word_1_56' title='bbox 887 913 1049 992; x_wconf 89' lang='lat' dir='ltr'>pigmentis</span> <span class='ocrx_word' id='word_1_57' title='bbox 1069 917 1200 994; x_wconf 86' lang='lat' dir='ltr'>fucoque</span> 
     </span>
     <span class='ocr_line' id='line_1_8' title="bbox 191 1010 1201 1091; baseline 0.002 -19"><span class='ocrx_word' id='word_1_58' title='bbox 191 1011 305 1090; x_wconf 90' lang='lat' dir='ltr'>puerili,</span> <span class='ocrx_word' id='word_1_59' title='bbox 322 1022 355 1071; x_wconf 94' lang='lat' dir='ltr'>ut</span> <span class='ocrx_word' id='word_1_60' title='bbox 374 1010 449 1071; x_wconf 92' lang='lat' dir='ltr'>mihi</span> <span class='ocrx_word' id='word_1_61' title='bbox 468 1030 531 1071; x_wconf 92' lang='lat' dir='ltr'>non</span> <span class='ocrx_word' id='word_1_62' title='bbox 553 1013 651 1072; x_wconf 92' lang='lat' dir='ltr'>solum</span> <span class='ocrx_word' id='word_1_63' title='bbox 670 1021 703 1070; x_wconf 94' lang='lat' dir='ltr'>tu</span> <span class='ocrx_word' id='word_1_64' title='bbox 725 1010 886 1072; x_wconf 88' lang='lat' dir='ltr'>incendere</span> <span class='ocrx_word' id='word_1_65' title='bbox 904 1011 1044 1086; x_wconf 91' lang='lat' dir='ltr'>iudicem,</span> <span class='ocrx_word' id='word_1_66' title='bbox 1061 1015 1114 1074; x_wconf 94' lang='lat' dir='ltr'>sed</span> <span class='ocrx_word' id='word_1_67' title='bbox 1136 1013 1201 1091; x_wconf 93' lang='lat' dir='ltr'>ipse</span> 
     </span>
    </p>

    <p class='ocr_par' dir='ltr' id='par_1_4' title="bbox 134 1107 1253 2364">
     <span class='ocr_line' id='line_1_9' title="bbox 134 1107 1198 1187; baseline 0.004 -21"><span class='ocrx_word' id='word_1_68' title='bbox 134 1117 179 1182; x_wconf 83' lang='lat'>189</span> <span class='ocrx_word' id='word_1_69' title='bbox 191 1111 295 1170; x_wconf 90' lang='lat' dir='ltr'>ardere</span> <span class='ocrx_word' id='word_1_70' title='bbox 309 1108 444 1170; x_wconf 87' lang='lat' dir='ltr'>videaris.</span> <span class='ocrx_word' id='word_1_71' title='bbox 490 1111 599 1186; x_wconf 90' lang='lat' dir='ltr'>Neque</span> <span class='ocrx_word' id='word_1_72' title='bbox 619 1107 682 1169; x_wconf 88' lang='lat' dir='ltr'>fieri</span> <span class='ocrx_word' id='word_1_73' title='bbox 701 1119 800 1186; x_wconf 93' lang='lat' dir='ltr'>potest</span> <span class='ocrx_word' id='word_1_74' title='bbox 821 1120 855 1169; x_wconf 89' lang='lat' dir='ltr'>ut</span> <span class='ocrx_word' id='word_1_75' title='bbox 871 1109 1020 1182; x_wconf 88' lang='lat' dir='ltr'>doleatis,</span> <span class='ocrx_word' id='word_1_76' title='bbox 1037 1110 1089 1187; x_wconf 93' lang='lat' dir='ltr'>qui</span> <span class='ocrx_word' id='word_1_77' title='bbox 1105 1110 1198 1184; x_wconf 85' lang='lat' dir='ltr'>audit,</span> 
     </span>
     <span class='ocr_line' id='line_1_10' title="bbox 192 1206 1201 1285; baseline -0.001 -17"><span class='ocrx_word' id='word_1_78' title='bbox 192 1218 226 1268; x_wconf 89' lang='lat' dir='ltr'>ut</span> <span class='ocrx_word' id='word_1_79' title='bbox 244 1207 349 1281; x_wconf 89' lang='lat' dir='ltr'>oderit,</span> <span class='ocrx_word' id='word_1_80' title='bbox 365 1218 399 1268; x_wconf 91' lang='lat' dir='ltr'>ut</span> <span class='ocrx_word' id='word_1_81' title='bbox 418 1206 557 1280; x_wconf 83' lang='lat' dir='ltr'>invideat,</span> <span class='ocrx_word' id='word_1_82' title='bbox 578 1217 611 1267; x_wconf 93' lang='lat' dir='ltr'>ut</span> <span class='ocrx_word' id='word_1_83' title='bbox 631 1207 821 1285; x_wconf 88' lang='lat' dir='ltr'>pertimescat</span> <span class='ocrx_word' id='word_1_84' title='bbox 839 1207 962 1285; x_wconf 91' lang='lat' dir='ltr'>aliquid,</span> <span class='ocrx_word' id='word_1_85' title='bbox 983 1219 1017 1268; x_wconf 89' lang='lat' dir='ltr'>ut</span> <span class='ocrx_word' id='word_1_86' title='bbox 1036 1210 1077 1268; x_wconf 91' lang='lat' dir='ltr'>ad</span> <span class='ocrx_word' id='word_1_87' title='bbox 1096 1209 1201 1270; x_wconf 91' lang='lat' dir='ltr'>fletum</span> 
     </span>
     <span class='ocr_line' id='line_1_11' title="bbox 193 1305 1247 1385; baseline 0 -19"><span class='ocrx_word' id='word_1_88' title='bbox 193 1305 487 1384; x_wconf 86' lang='lat' dir='ltr'>misericordiamque</span> <span class='ocrx_word' id='word_1_89' title='bbox 513 1307 687 1379; x_wconf 90' lang='lat' dir='ltr'>deducatur,</span> <span class='ocrx_word' id='word_1_90' title='bbox 713 1305 770 1366; x_wconf 92' lang='lat' dir='ltr'>nisi</span> <span class='ocrx_word' id='word_1_91' title='bbox 785 1316 901 1367; x_wconf 70' lang='lat' dir='ltr'>&#39;omnes</span> <span class='ocrx_word' id='word_1_92' title='bbox 926 1306 968 1366; x_wconf 93' lang='lat' dir='ltr'>illi</span> <span class='ocrx_word' id='word_1_93' title='bbox 993 1318 1101 1380; x_wconf 70' lang='lat' dir='ltr'>motus</span> <span class='ocrx_word' id='word_1_94' title='bbox 1124 1327 1201 1385; x_wconf 93' lang='lat' dir='ltr'>quos</span> <span class='ocrx_word' id='word_1_95' title='bbox 1217 1326 1247 1361; x_wconf 84' lang='lat'>10</span> 
     </span>
     <span class='ocr_line' id='line_1_12' title="bbox 193 1403 1202 1483; baseline 0.001 -18"><span class='ocrx_word' id='word_1_96' title='bbox 193 1417 292 1466; x_wconf 92' lang='lat' dir='ltr'>orator</span> <span class='ocrx_word' id='word_1_97' title='bbox 311 1404 455 1466; x_wconf 88' lang='lat' dir='ltr'>adhibere</span> <span class='ocrx_word' id='word_1_98' title='bbox 477 1407 557 1466; x_wconf 91' lang='lat' dir='ltr'>volet</span> <span class='ocrx_word' id='word_1_99' title='bbox 579 1404 680 1478; x_wconf 92' lang='lat' dir='ltr'>iudici,</span> <span class='ocrx_word' id='word_1_100' title='bbox 701 1404 733 1464; x_wconf 93' lang='lat' dir='ltr'>in</span> <span class='ocrx_word' id='word_1_101' title='bbox 754 1404 821 1483; x_wconf 92' lang='lat' dir='ltr'>ipso</span> <span class='ocrx_word' id='word_1_102' title='bbox 842 1415 959 1466; x_wconf 89' lang='lat' dir='ltr'>oratore</span> <span class='ocrx_word' id='word_1_103' title='bbox 979 1403 1115 1482; x_wconf 90' lang='lat' dir='ltr'>impressi</span> <span class='ocrx_word' id='word_1_104' title='bbox 1136 1424 1202 1466; x_wconf 90' lang='lat' dir='ltr'>esse</span> 
     </span>
     <span class='ocr_line' id='line_1_13' title="bbox 194 1501 1203 1581; baseline 0 -18"><span class='ocrx_word' id='word_1_105' title='bbox 194 1513 285 1581; x_wconf 91' lang='lat' dir='ltr'>atque</span> <span class='ocrx_word' id='word_1_106' title='bbox 303 1501 394 1563; x_wconf 92' lang='lat' dir='ltr'>inusti</span> <span class='ocrx_word' id='word_1_107' title='bbox 409 1501 599 1564; x_wconf 89' lang='lat' dir='ltr'>videbuntur.</span> <span class='ocrx_word' id='word_1_108' title='bbox 644 1503 738 1578; x_wconf 91' lang='lat' dir='ltr'>Quod</span> <span class='ocrx_word' id='word_1_109' title='bbox 753 1501 778 1562; x_wconf 92' lang='lat' dir='ltr'>si</span> <span class='ocrx_word' id='word_1_110' title='bbox 797 1504 884 1562; x_wconf 91' lang='lat' dir='ltr'>fictus</span> <span class='ocrx_word' id='word_1_111' title='bbox 905 1501 998 1579; x_wconf 91' lang='lat' dir='ltr'>aliqui</span> <span class='ocrx_word' id='word_1_112' title='bbox 1012 1503 1099 1563; x_wconf 95' lang='lat' dir='ltr'>dolor</span> <span class='ocrx_word' id='word_1_113' title='bbox 1113 1502 1203 1563; x_wconf 90' lang='lat' dir='ltr'>susci-</span> 
     </span>
     <span class='ocr_line' id='line_1_14' title="bbox 194 1599 1204 1680; baseline 0 -19"><span class='ocrx_word' id='word_1_114' title='bbox 194 1600 323 1680; x_wconf 92' lang='lat' dir='ltr'>piendus</span> <span class='ocrx_word' id='word_1_115' title='bbox 338 1611 416 1662; x_wconf 92' lang='lat' dir='ltr'>esset</span> <span class='ocrx_word' id='word_1_116' title='bbox 430 1610 460 1661; x_wconf 91' lang='lat' dir='ltr'>et</span> <span class='ocrx_word' id='word_1_117' title='bbox 475 1600 499 1660; x_wconf 94' lang='lat' dir='ltr'>si</span> <span class='ocrx_word' id='word_1_118' title='bbox 514 1600 546 1660; x_wconf 91' lang='lat' dir='ltr'>in</span> <span class='ocrx_word' id='word_1_119' title='bbox 561 1600 625 1661; x_wconf 91' lang='lat' dir='ltr'>eius</span> <span class='ocrx_word' id='word_1_120' title='bbox 645 1600 729 1662; x_wconf 91' lang='lat' dir='ltr'>modi</span> <span class='ocrx_word' id='word_1_121' title='bbox 748 1620 857 1679; x_wconf 88' lang='lat' dir='ltr'>genere</span> <span class='ocrx_word' id='word_1_122' title='bbox 871 1599 1014 1661; x_wconf 91' lang='lat' dir='ltr'>orationis</span> <span class='ocrx_word' id='word_1_123' title='bbox 1033 1600 1108 1659; x_wconf 90' lang='lat' dir='ltr'>nihil</span> <span class='ocrx_word' id='word_1_124' title='bbox 1125 1611 1204 1661; x_wconf 91' lang='lat' dir='ltr'>esset</span> 
     </span>
     <span class='ocr_line' id='line_1_15' title="bbox 195 1697 1204 1777; baseline 0 -18"><span class='ocrx_word' id='word_1_125' title='bbox 195 1699 253 1760; x_wconf 90' lang='lat' dir='ltr'>nisi</span> <span class='ocrx_word' id='word_1_126' title='bbox 274 1701 381 1760; x_wconf 87' lang='lat' dir='ltr'>falsum</span> <span class='ocrx_word' id='word_1_127' title='bbox 402 1709 493 1777; x_wconf 91' lang='lat' dir='ltr'>atque</span> <span class='ocrx_word' id='word_1_128' title='bbox 518 1697 686 1759; x_wconf 88' lang='lat' dir='ltr'>imitatione</span> <span class='ocrx_word' id='word_1_129' title='bbox 711 1698 893 1772; x_wconf 88' lang='lat' dir='ltr'>simulatum,</span> <span class='ocrx_word' id='word_1_130' title='bbox 916 1697 1011 1759; x_wconf 92' lang='lat' dir='ltr'>maior</span> <span class='ocrx_word' id='word_1_131' title='bbox 1033 1718 1081 1758; x_wconf 89' lang='lat' dir='ltr'>ars</span> <span class='ocrx_word' id='word_1_132' title='bbox 1103 1697 1204 1776; x_wconf 90' lang='lat' dir='ltr'>aliqua</span> 
     </span>
     <span class='ocr_line' id='line_1_16' title="bbox 195 1794 1246 1875; baseline -0.003 -17"><span class='ocrx_word' id='word_1_133' title='bbox 195 1797 319 1860; x_wconf 82' lang='lat' dir='ltr'>forsitan</span> <span class='ocrx_word' id='word_1_134' title='bbox 333 1807 411 1858; x_wconf 90' lang='lat' dir='ltr'>esset</span> <span class='ocrx_word' id='word_1_135' title='bbox 425 1795 623 1875; x_wconf 89' lang='lat' dir='ltr'>requirenda:</span> <span class='ocrx_word' id='word_1_136' title='bbox 646 1817 727 1857; x_wconf 94' lang='lat' dir='ltr'>nunc</span> <span class='ocrx_word' id='word_1_137' title='bbox 741 1816 805 1874; x_wconf 91' lang='lat' dir='ltr'>ego,</span> <span class='ocrx_word' id='word_1_138' title='bbox 823 1795 897 1874; x_wconf 91' lang='lat' dir='ltr'>quid</span> <span class='ocrx_word' id='word_1_139' title='bbox 917 1794 979 1870; x_wconf 91' lang='lat' dir='ltr'>tibi,</span> <span class='ocrx_word' id='word_1_140' title='bbox 997 1797 1112 1869; x_wconf 89' lang='lat' dir='ltr'>Crasse,</span> <span class='ocrx_word' id='word_1_141' title='bbox 1129 1796 1203 1874; x_wconf 91' lang='lat' dir='ltr'>quid</span> <span class='ocrx_word' id='word_1_142' title='bbox 1218 1811 1246 1862; x_wconf 80' lang='lat'>15</span> 
     </span>
     <span class='ocr_line' id='line_1_17' title="bbox 196 1893 1204 1968; baseline -0.003 -11"><span class='ocrx_word' id='word_1_143' title='bbox 196 1895 301 1957; x_wconf 91' lang='lat' dir='ltr'>ceteris</span> <span class='ocrx_word' id='word_1_144' title='bbox 321 1894 447 1968; x_wconf 90' lang='lat' dir='ltr'>accidat,</span> <span class='ocrx_word' id='word_1_145' title='bbox 468 1893 571 1955; x_wconf 92' lang='lat' dir='ltr'>nescio</span> <span class='ocrx_word' id='word_1_146' title='bbox 581 1915 590 1968; x_wconf 90' lang='lat'>;</span> <span class='ocrx_word' id='word_1_147' title='bbox 618 1896 658 1955; x_wconf 91' lang='lat' dir='ltr'>de</span> <span class='ocrx_word' id='word_1_148' title='bbox 679 1915 728 1956; x_wconf 91' lang='lat' dir='ltr'>me</span> <span class='ocrx_word' id='word_1_149' title='bbox 749 1904 850 1955; x_wconf 92' lang='lat' dir='ltr'>autem</span> <span class='ocrx_word' id='word_1_150' title='bbox 872 1913 963 1955; x_wconf 91' lang='lat' dir='ltr'>causa</span> <span class='ocrx_word' id='word_1_151' title='bbox 983 1896 1066 1955; x_wconf 90' lang='lat' dir='ltr'>nulla</span> <span class='ocrx_word' id='word_1_152' title='bbox 1085 1904 1130 1955; x_wconf 94' lang='lat' dir='ltr'>est</span> <span class='ocrx_word' id='word_1_153' title='bbox 1151 1914 1204 1954; x_wconf 92' lang='lat' dir='ltr'>cur</span> 
     </span>
     <span class='ocr_line' id='line_1_18' title="bbox 196 1990 1203 2072; baseline -0.002 -18"><span class='ocrx_word' id='word_1_154' title='bbox 196 1994 278 2072; x_wconf 86' lang='lat' dir='ltr'>apud</span> <span class='ocrx_word' id='word_1_155' title='bbox 299 1991 438 2053; x_wconf 91' lang='lat' dir='ltr'>homines</span> <span class='ocrx_word' id='word_1_156' title='bbox 458 1991 708 2070; x_wconf 90' lang='lat' dir='ltr'>prudentissimos</span> <span class='ocrx_word' id='word_1_157' title='bbox 729 2002 821 2069; x_wconf 94' lang='lat' dir='ltr'>atque</span> <span class='ocrx_word' id='word_1_158' title='bbox 841 1990 1039 2053; x_wconf 90' lang='lat' dir='ltr'>amicissimos</span> <span class='ocrx_word' id='word_1_159' title='bbox 1060 1990 1203 2052; x_wconf 91' lang='lat' dir='ltr'>mentiar:</span> 
     </span>
     <span class='ocr_line' id='line_1_19' title="bbox 197 2087 1205 2172; baseline -0.003 -21"><span class='ocrx_word' id='word_1_160' title='bbox 197 2110 261 2152; x_wconf 90' lang='lat' dir='ltr'>non</span> <span class='ocrx_word' id='word_1_161' title='bbox 281 2109 330 2150; x_wconf 91' lang='lat' dir='ltr'>rne</span> <span class='ocrx_word' id='word_1_162' title='bbox 351 2091 471 2150; x_wconf 91' lang='lat' dir='ltr'>hercule</span> <span class='ocrx_word' id='word_1_163' title='bbox 492 2108 637 2167; x_wconf 92' lang='lat' dir='ltr'>umquam</span> <span class='ocrx_word' id='word_1_164' title='bbox 659 2091 741 2167; x_wconf 93' lang='lat' dir='ltr'>apud</span> <span class='ocrx_word' id='word_1_165' title='bbox 762 2089 877 2150; x_wconf 91' lang='lat' dir='ltr'>iudices</span> <span class='ocrx_word' id='word_1_166' title='bbox 898 2087 975 2172; x_wconf 85' lang='lat' dir='ltr'>[aut]</span> <span class='ocrx_word' id='word_1_167' title='bbox 996 2091 1131 2150; x_wconf 91' lang='lat' dir='ltr'>dolorem</span> <span class='ocrx_word' id='word_1_168' title='bbox 1153 2100 1205 2149; x_wconf 90' lang='lat' dir='ltr'>aut</span> 
     </span>
     <span class='ocr_line' id='line_1_20' title="bbox 198 2186 1205 2249; baseline 0 -1"><span class='ocrx_word' id='word_1_169' title='bbox 198 2186 432 2248; x_wconf 88' lang='lat' dir='ltr'>misericordiam</span> <span class='ocrx_word' id='word_1_170' title='bbox 459 2197 511 2247; x_wconf 92' lang='lat' dir='ltr'>aut</span> <span class='ocrx_word' id='word_1_171' title='bbox 539 2186 682 2248; x_wconf 87' lang='lat' dir='ltr'>invidiam</span> <span class='ocrx_word' id='word_1_172' title='bbox 711 2198 763 2247; x_wconf 92' lang='lat' dir='ltr'>aut</span> <span class='ocrx_word' id='word_1_173' title='bbox 791 2186 896 2249; x_wconf 94' lang='lat' dir='ltr'>odium</span> <span class='ocrx_word' id='word_1_174' title='bbox 921 2187 1053 2249; x_wconf 91' lang='lat' dir='ltr'>dicendo</span> <span class='ocrx_word' id='word_1_175' title='bbox 1077 2186 1205 2248; x_wconf 88' lang='lat' dir='ltr'>excitare</span> 
     </span>
     <span class='ocr_line' id='line_1_21' title="bbox 198 2283 1253 2364; baseline -0.002 -17"><span class='ocrx_word' id='word_1_176' title='bbox 198 2284 280 2347; x_wconf 89' lang='lat' dir='ltr'>volui</span> <span class='ocrx_word' id='word_1_177' title='bbox 294 2285 367 2362; x_wconf 93' lang='lat' dir='ltr'>quin</span> <span class='ocrx_word' id='word_1_178' title='bbox 382 2283 491 2362; x_wconf 91' lang='lat' dir='ltr'>ipsein</span> <span class='ocrx_word' id='word_1_179' title='bbox 506 2285 734 2347; x_wconf 89' lang='lat' dir='ltr'>commovendis</span> <span class='ocrx_word' id='word_1_180' title='bbox 748 2284 899 2347; x_wconf 90' lang='lat' dir='ltr'>iudicibus</span> <span class='ocrx_word' id='word_1_181' title='bbox 913 2285 956 2346; x_wconf 92' lang='lat' dir='ltr'>eis</span> <span class='ocrx_word' id='word_1_182' title='bbox 971 2285 1043 2364; x_wconf 90' lang='lat' dir='ltr'>ipsis</span> <span class='ocrx_word' id='word_1_183' title='bbox 1057 2285 1202 2358; x_wconf 92' lang='lat' dir='ltr'>sensibus,</span> <span class='ocrx_word' id='word_1_184' title='bbox 1219 2300 1253 2336; x_wconf 84' lang='lat'>²0</span> 
     </span>
    </p>

    <p class='ocr_par' dir='ltr' id='par_1_5' title="bbox 138 2382 1206 2656">
     <span class='ocr_line' id='line_1_22' title="bbox 138 2382 1204 2462; baseline -0.005 -16"><span class='ocrx_word' id='word_1_185' title='bbox 138 2406 186 2462; x_wconf 87' lang='lat'>¹90</span> <span class='ocrx_word' id='word_1_186' title='bbox 199 2386 239 2446; x_wconf 89' lang='lat' dir='ltr'>ad</span> <span class='ocrx_word' id='word_1_187' title='bbox 253 2403 330 2462; x_wconf 93' lang='lat' dir='ltr'>quos</span> <span class='ocrx_word' id='word_1_188' title='bbox 344 2382 411 2444; x_wconf 93' lang='lat' dir='ltr'>illos</span> <span class='ocrx_word' id='word_1_189' title='bbox 425 2383 575 2444; x_wconf 90' lang='lat' dir='ltr'>adducere</span> <span class='ocrx_word' id='word_1_190' title='bbox 588 2385 704 2457; x_wconf 89' lang='lat' dir='ltr'>vellem,</span> <span class='ocrx_word' id='word_1_191' title='bbox 721 2403 927 2461; x_wconf 73' lang='lat' dir='ltr'>permoverer,</span> <span class='ocrx_word' id='word_1_192' title='bbox 947 2403 1048 2461; x_wconf 91' lang='lat' dir='ltr'>neque</span> <span class='ocrx_word' id='word_1_193' title='bbox 1062 2394 1107 2443; x_wconf 92' lang='lat' dir='ltr'>est</span> <span class='ocrx_word' id='word_1_194' title='bbox 1123 2382 1204 2444; x_wconf 89' lang='lat' dir='ltr'>enirn</span> 
     </span>
     <span class='ocr_line' id='line_1_23' title="bbox 199 2479 1206 2560; baseline -0.002 -18"><span class='ocrx_word' id='word_1_195' title='bbox 199 2481 286 2543; x_wconf 87' lang='lat' dir='ltr'>facile</span> <span class='ocrx_word' id='word_1_196' title='bbox 299 2481 441 2560; x_wconf 88' lang='lat' dir='ltr'>perficere</span> <span class='ocrx_word' id='word_1_197' title='bbox 454 2491 491 2540; x_wconf 84' lang='lat' dir='ltr'>&#39;ut</span> <span class='ocrx_word' id='word_1_198' title='bbox 511 2480 652 2543; x_wconf 89' lang='lat' dir='ltr'>irascatur</span> <span class='ocrx_word' id='word_1_199' title='bbox 669 2480 705 2555; x_wconf 91' lang='lat' dir='ltr'>ei,</span> <span class='ocrx_word' id='word_1_200' title='bbox 722 2480 771 2542; x_wconf 88' lang='lat' dir='ltr'>cui</span> <span class='ocrx_word' id='word_1_201' title='bbox 785 2491 818 2541; x_wconf 93' lang='lat' dir='ltr'>tu</span> <span class='ocrx_word' id='word_1_202' title='bbox 832 2480 914 2553; x_wconf 88' lang='lat' dir='ltr'>velis,</span> <span class='ocrx_word' id='word_1_203' title='bbox 931 2480 1030 2554; x_wconf 89' lang='lat' dir='ltr'>iudex,</span> <span class='ocrx_word' id='word_1_204' title='bbox 1046 2480 1071 2540; x_wconf 93' lang='lat' dir='ltr'>si</span> <span class='ocrx_word' id='word_1_205' title='bbox 1091 2491 1123 2540; x_wconf 92' lang='lat' dir='ltr'>tu</span> <span class='ocrx_word' id='word_1_206' title='bbox 1142 2479 1206 2557; x_wconf 90' lang='lat' dir='ltr'>ipse</span> 
     </span>
     <span class='ocr_line' id='line_1_24' title="bbox 199 2576 1205 2656; baseline -0.005 -14"><span class='ocrx_word' id='word_1_207' title='bbox 199 2579 231 2643; x_wconf 88' lang='lat' dir='ltr'>id</span> <span class='ocrx_word' id='word_1_208' title='bbox 246 2582 326 2641; x_wconf 89' lang='lat' dir='ltr'>lente</span> <span class='ocrx_word' id='word_1_209' title='bbox 340 2581 415 2640; x_wconf 86' lang='lat' dir='ltr'>ferre</span> <span class='ocrx_word' id='word_1_210' title='bbox 429 2577 550 2639; x_wconf 84' lang='lat' dir='ltr'>videare</span> <span class='ocrx_word' id='word_1_211' title='bbox 559 2599 568 2653; x_wconf 92' lang='lat'>;</span> <span class='ocrx_word' id='word_1_212' title='bbox 589 2599 688 2656; x_wconf 91' lang='lat' dir='ltr'>neque</span> <span class='ocrx_word' id='word_1_213' title='bbox 707 2589 740 2639; x_wconf 92' lang='lat' dir='ltr'>ut</span> <span class='ocrx_word' id='word_1_214' title='bbox 759 2579 856 2639; x_wconf 89' lang='lat' dir='ltr'>oderit</span> <span class='ocrx_word' id='word_1_215' title='bbox 875 2598 953 2652; x_wconf 92' lang='lat' dir='ltr'>eum,</span> <span class='ocrx_word' id='word_1_216' title='bbox 971 2598 1062 2656; x_wconf 89' lang='lat' dir='ltr'>quem</span> <span class='ocrx_word' id='word_1_217' title='bbox 1077 2588 1109 2637; x_wconf 89' lang='lat' dir='ltr'>tu</span> <span class='ocrx_word' id='word_1_218' title='bbox 1123 2576 1205 2650; x_wconf 88' lang='lat' dir='ltr'>velis,</span> 
     </span>
    </p>

    <p class='ocr_par' dir='ltr' id='par_1_6' title="bbox 146 2674 1208 2756">
     <span class='ocr_line' id='line_1_25' title="bbox 146 2674 1208 2756; baseline -0.005 -17"><span class='ocrx_word' id='word_1_219' title='bbox 146 2732 150 2738; x_wconf 95' lang='lat'>.</span> <span class='ocrx_word' id='word_1_220' title='bbox 200 2677 258 2739; x_wconf 88' lang='lat' dir='ltr'>nisi</span> <span class='ocrx_word' id='word_1_221' title='bbox 273 2689 302 2738; x_wconf 89' lang='lat' dir='ltr'>te</span> <span class='ocrx_word' id='word_1_222' title='bbox 316 2677 416 2756; x_wconf 92' lang='lat' dir='ltr'>ipsum</span> <span class='ocrx_word' id='word_1_223' title='bbox 430 2677 605 2755; x_wconf 89' lang='lat' dir='ltr'>flagrantem</span> <span class='ocrx_word' id='word_1_224' title='bbox 616 2675 689 2737; x_wconf 94' lang='lat' dir='ltr'>odio</span> <span class='ocrx_word' id='word_1_225' title='bbox 702 2687 773 2737; x_wconf 89' lang='lat' dir='ltr'>ante</span> <span class='ocrx_word' id='word_1_226' title='bbox 783 2676 909 2751; x_wconf 82' lang='lat' dir='ltr'>viderit3</span> <span class='ocrx_word' id='word_1_227' title='bbox 929 2696 1030 2754; x_wconf 92' lang='lat' dir='ltr'>neque</span> <span class='ocrx_word' id='word_1_228' title='bbox 1043 2677 1082 2735; x_wconf 90' lang='lat' dir='ltr'>ad</span> <span class='ocrx_word' id='word_1_229' title='bbox 1097 2674 1208 2735; x_wconf 89' lang='lat' dir='ltr'>miseri-</span> 
     </span>
    </p>

    <p class='ocr_par' dir='ltr' id='par_1_7' title="bbox 201 2771 1254 2852">
     <span class='ocr_line' id='line_1_26' title="bbox 201 2771 1254 2852; baseline -0.009 -16"><span class='ocrx_word' id='word_1_230' title='bbox 201 2774 335 2837; x_wconf 89' lang='lat' dir='ltr'>cordiam</span> <span class='ocrx_word' id='word_1_231' title='bbox 356 2776 532 2849; x_wconf 91' lang='lat' dir='ltr'>adducetur,</span> <span class='ocrx_word' id='word_1_232' title='bbox 547 2772 605 2833; x_wconf 92' lang='lat' dir='ltr'>nisi</span> <span class='ocrx_word' id='word_1_233' title='bbox 626 2783 659 2832; x_wconf 93' lang='lat' dir='ltr'>tu</span> <span class='ocrx_word' id='word_1_234' title='bbox 680 2772 708 2834; x_wconf 93' lang='lat' dir='ltr'>ei</span> <span class='ocrx_word' id='word_1_235' title='bbox 727 2773 812 2852; x_wconf 88' lang='lat' dir='ltr'>signa</span> <span class='ocrx_word' id='word_1_236' title='bbox 828 2773 941 2836; x_wconf 88' lang='lat' dir='ltr'>doloris</span> <span class='ocrx_word' id='word_1_237' title='bbox 960 2772 1004 2834; x_wconf 91' lang='lat' dir='ltr'>tui</span> <span class='ocrx_word' id='word_1_238' title='bbox 1020 2771 1126 2844; x_wconf 90' lang='lat' dir='ltr'>verbis,</span> <span class='ocrx_word' id='word_1_239' title='bbox 1142 2792 1208 2833; x_wconf 89' lang='lat' dir='ltr'>sen-</span> <span class='ocrx_word' id='word_1_240' title='bbox 1222 2792 1235 2827; x_wconf 80' lang='lat' dir='ltr'>r</span> <span class='ocrx_word' id='word_1_241' title='bbox 1239 2792 1254 2842; x_wconf 85' lang='lat'><strong>5</strong></span> 
     </span>
    </p>

    <p class='ocr_par' dir='ltr' id='par_1_8' title="bbox 202 2870 1208 2949">
     <span class='ocr_line' id='line_1_27' title="bbox 202 2870 1208 2949; baseline -0.006 -14"><span class='ocrx_word' id='word_1_242' title='bbox 202 2873 310 2947; x_wconf 91' lang='lat' dir='ltr'>tentiis,</span> <span class='ocrx_word' id='word_1_243' title='bbox 326 2893 410 2948; x_wconf 91' lang='lat' dir='ltr'>voce,</span> <span class='ocrx_word' id='word_1_244' title='bbox 425 2875 519 2946; x_wconf 90' lang='lat' dir='ltr'>vultu,</span> <span class='ocrx_word' id='word_1_245' title='bbox 534 2870 799 2932; x_wconf 89' lang='lat' dir='ltr'>conlacrimatione</span> <span class='ocrx_word' id='word_1_246' title='bbox 817 2871 949 2949; x_wconf 88' lang='lat' dir='ltr'>denique</span> <span class='ocrx_word' id='word_1_247' title='bbox 966 2870 1153 2944; x_wconf 89' lang='lat' dir='ltr'>ostenderis;</span> <span class='ocrx_word' id='word_1_248' title='bbox 1174 2880 1208 2930; x_wconf 93' lang='lat' dir='ltr'>ut</span> 
     </span>
    </p>

    <p class='ocr_par' dir='ltr' id='par_1_9' title="bbox 202 2967 1210 3242">
     <span class='ocr_line' id='line_1_28' title="bbox 202 2967 1209 3045; baseline -0.003 -14"><span class='ocrx_word' id='word_1_249' title='bbox 202 2971 285 3032; x_wconf 89' lang='lat' dir='ltr'>enim</span> <span class='ocrx_word' id='word_1_250' title='bbox 298 2973 381 3031; x_wconf 92' lang='lat' dir='ltr'>nulla</span> <span class='ocrx_word' id='word_1_251' title='bbox 395 2969 533 3031; x_wconf 89' lang='lat' dir='ltr'>materies</span> <span class='ocrx_word' id='word_1_252' title='bbox 547 2980 609 3030; x_wconf 92' lang='lat' dir='ltr'>tam</span> <span class='ocrx_word' id='word_1_253' title='bbox 623 2967 717 3030; x_wconf 81' lang='lat' dir='ltr'>facilis</span> <span class='ocrx_word' id='word_1_254' title='bbox 731 2969 771 3030; x_wconf 89' lang='lat' dir='ltr'>ad</span> <span class='ocrx_word' id='word_1_255' title='bbox 787 2970 1042 3030; x_wconf 87' lang='lat' dir='ltr'>exardescendum</span> <span class='ocrx_word' id='word_1_256' title='bbox 1061 2979 1114 3040; x_wconf 87' lang='lat' dir='ltr'>est,</span> <span class='ocrx_word' id='word_1_257' title='bbox 1130 2987 1209 3045; x_wconf 90' lang='lat' dir='ltr'>quae</span> 
     </span>
     <span class='ocr_line' id='line_1_29' title="bbox 203 3065 1210 3146; baseline -0.006 -17"><span class='ocrx_word' id='word_1_258' title='bbox 203 3068 261 3129; x_wconf 90' lang='lat' dir='ltr'>nisi</span> <span class='ocrx_word' id='word_1_259' title='bbox 275 3070 399 3129; x_wconf 89' lang='lat' dir='ltr'>admoto</span> <span class='ocrx_word' id='word_1_260' title='bbox 413 3067 475 3146; x_wconf 89' lang='lat' dir='ltr'>igni</span> <span class='ocrx_word' id='word_1_261' title='bbox 489 3067 589 3145; x_wconf 90' lang='lat' dir='ltr'>ignem</span> <span class='ocrx_word' id='word_1_262' title='bbox 604 3065 763 3144; x_wconf 89' lang='lat' dir='ltr'>concipere</span> <span class='ocrx_word' id='word_1_263' title='bbox 776 3065 879 3144; x_wconf 91' lang='lat' dir='ltr'>possit,</span> <span class='ocrx_word' id='word_1_264' title='bbox 895 3065 939 3126; x_wconf 92' lang='lat' dir='ltr'>sic</span> <span class='ocrx_word' id='word_1_265' title='bbox 959 3067 1043 3126; x_wconf 92' lang='lat' dir='ltr'>nulla</span> <span class='ocrx_word' id='word_1_266' title='bbox 1059 3085 1145 3126; x_wconf 91' lang='lat' dir='ltr'>mens</span> <span class='ocrx_word' id='word_1_267' title='bbox 1163 3075 1210 3125; x_wconf 90' lang='lat' dir='ltr'>est</span> 
     </span>
     <span class='ocr_line' id='line_1_30' title="bbox 203 3162 1210 3242; baseline -0.004 -16"><span class='ocrx_word' id='word_1_268' title='bbox 203 3176 266 3226; x_wconf 89' lang='lat' dir='ltr'>tam</span> <span class='ocrx_word' id='word_1_269' title='bbox 283 3166 323 3225; x_wconf 89' lang='lat' dir='ltr'>ad</span> <span class='ocrx_word' id='word_1_270' title='bbox 344 3166 660 3242; x_wconf 90' lang='lat' dir='ltr'>comprehendendam</span> <span class='ocrx_word' id='word_1_271' title='bbox 674 3162 736 3224; x_wconf 88' lang='lat' dir='ltr'>vim</span> <span class='ocrx_word' id='word_1_272' title='bbox 755 3162 879 3225; x_wconf 89' lang='lat' dir='ltr'>oratoris</span> <span class='ocrx_word' id='word_1_273' title='bbox 896 3173 1007 3241; x_wconf 87' lang='lat' dir='ltr'>parata,</span> <span class='ocrx_word' id='word_1_274' title='bbox 1024 3182 1102 3240; x_wconf 92' lang='lat' dir='ltr'>quae</span> <span class='ocrx_word' id='word_1_275' title='bbox 1115 3162 1210 3240; x_wconf 92' lang='lat' dir='ltr'>possit</span> 
     </span>
    </p>

    <p class='ocr_par' dir='ltr' id='par_1_10' title="bbox 204 3259 1257 3338">
     <span class='ocr_line' id='line_1_31' title="bbox 204 3259 1257 3338; baseline -0.003 -16"><span class='ocrx_word' id='word_1_276' title='bbox 204 3261 335 3336; x_wconf 92' lang='lat' dir='ltr'>incendi,</span> <span class='ocrx_word' id='word_1_277' title='bbox 351 3260 408 3321; x_wconf 92' lang='lat' dir='ltr'>nisi</span> <span class='ocrx_word' id='word_1_278' title='bbox 422 3260 486 3338; x_wconf 91' lang='lat' dir='ltr'>ipse</span> <span class='ocrx_word' id='word_1_279' title='bbox 502 3259 704 3321; x_wconf 87' lang='lat' dir='ltr'>inflammatus</span> <span class='ocrx_word' id='word_1_280' title='bbox 722 3261 763 3322; x_wconf 93' lang='lat' dir='ltr'>ad</span> <span class='ocrx_word' id='word_1_281' title='bbox 782 3280 849 3321; x_wconf 94' lang='lat' dir='ltr'>eam</span> <span class='ocrx_word' id='word_1_282' title='bbox 868 3270 898 3321; x_wconf 92' lang='lat' dir='ltr'>et</span> <span class='ocrx_word' id='word_1_283' title='bbox 916 3262 1024 3321; x_wconf 90' lang='lat' dir='ltr'>ardens</span> <span class='ocrx_word' id='word_1_284' title='bbox 1042 3259 1208 3320; x_wconf 84' lang='lat' dir='ltr'>accesserit</span> <span class='ocrx_word' id='word_1_285' title='bbox 1223 3283 1257 3330; x_wconf 74' lang='lat'>30</span> 
     </span>
    </p>
   </div>
   <div class='ocr_carea' id='block_1_3' title="bbox 146 3318 192 3395">
    <p class='ocr_par' dir='ltr' id='par_1_11' title="bbox 146 3318 192 3395">
     <span class='ocr_line' id='line_1_32' title="bbox 146 3318 192 3395; baseline 0 -15"><span class='ocrx_word' id='word_1_286' title='bbox 146 3318 192 3395; x_wconf 84' lang='lat'>46</span> 
     </span>
    </p>
   </div>
   <div class='ocr_carea' id='block_1_4' title="bbox 145 3356 1212 3481">
    <p class='ocr_par' dir='ltr' id='par_1_12' title="bbox 145 3356 1212 3481">
     <span class='ocr_line' id='line_1_33' title="bbox 145 3356 1212 3481; baseline -0.005 -60"><span class='ocrx_word' id='word_1_287' title='bbox 145 3363 316 3481; x_wconf 80' lang='lat' dir='ltr'>191Ac,ne</span> <span class='ocrx_word' id='word_1_288' title='bbox 334 3361 394 3420; x_wconf 92' lang='lat' dir='ltr'>hoc</span> <span class='ocrx_word' id='word_1_289' title='bbox 410 3360 486 3420; x_wconf 86' lang='lat' dir='ltr'>forte</span> <span class='ocrx_word' id='word_1_290' title='bbox 507 3378 650 3436; x_wconf 90' lang='lat' dir='ltr'>magnum</span> <span class='ocrx_word' id='word_1_291' title='bbox 668 3377 704 3418; x_wconf 91' lang='lat' dir='ltr'>ac</span> <span class='ocrx_word' id='word_1_292' title='bbox 723 3356 859 3419; x_wconf 91' lang='lat' dir='ltr'>mirabile</span> <span class='ocrx_word' id='word_1_293' title='bbox 877 3377 943 3418; x_wconf 91' lang='lat' dir='ltr'>esse</span> <span class='ocrx_word' id='word_1_294' title='bbox 961 3357 1098 3418; x_wconf 88' lang='lat' dir='ltr'>videatur</span> <span class='ocrx_word' id='word_1_295' title='bbox 1116 3356 1212 3417; x_wconf 87' lang='lat' dir='ltr'>honri-</span> 
     </span>
    </p>
   </div>
   <div class='ocr_carea' id='block_1_5' title="bbox 206 3452 1211 3529">
    <p class='ocr_par' dir='ltr' id='par_1_13' title="bbox 206 3452 1211 3529">
     <span class='ocr_line' id='line_1_34' title="bbox 206 3452 1211 3529; baseline -0.007 -9"><span class='ocrx_word' id='word_1_296' title='bbox 206 3478 277 3520; x_wconf 92' lang='lat' dir='ltr'>nem</span> <span class='ocrx_word' id='word_1_297' title='bbox 292 3456 401 3518; x_wconf 92' lang='lat' dir='ltr'>totiens</span> <span class='ocrx_word' id='word_1_298' title='bbox 418 3454 511 3529; x_wconf 91' lang='lat' dir='ltr'>irasci,</span> <span class='ocrx_word' id='word_1_299' title='bbox 528 3454 637 3517; x_wconf 89' lang='lat' dir='ltr'>totiens</span> <span class='ocrx_word' id='word_1_300' title='bbox 657 3457 767 3529; x_wconf 94' lang='lat' dir='ltr'>dolere,</span> <span class='ocrx_word' id='word_1_301' title='bbox 783 3454 893 3516; x_wconf 91' lang='lat' dir='ltr'>totiens</span> <span class='ocrx_word' id='word_1_302' title='bbox 912 3453 996 3516; x_wconf 92' lang='lat' dir='ltr'>omni</span> <span class='ocrx_word' id='word_1_303' title='bbox 1014 3465 1099 3514; x_wconf 88' lang='lat' dir='ltr'>motu</span> <span class='ocrx_word' id='word_1_304' title='bbox 1118 3452 1211 3513; x_wconf 91' lang='lat' dir='ltr'>animi</span> 
     </span>
    </p>
   </div>
   <div class='ocr_carea' id='block_1_6' title="bbox 206 3606 1216 3745">
    <p class='ocr_par' dir='ltr' id='par_1_14' title="bbox 206 3606 1216 3745">
     <span class='ocr_line' id='line_1_35' title="bbox 240 3606 1216 3673; baseline -0.008 -10"><span class='ocrx_word' id='word_1_305' title='bbox 240 3613 273 3663; x_wconf 89' lang='lat' dir='ltr'><em>M</em></span> <span class='ocrx_word' id='word_1_306' title='bbox 282 3610 401 3662; x_wconf 81' lang='lat' dir='ltr'><em>=AEH</em></span> <span class='ocrx_word' id='word_1_307' title='bbox 495 3611 619 3659; x_wconf 85' lang='lat' dir='ltr'>8ardere</span> <span class='ocrx_word' id='word_1_308' title='bbox 631 3625 681 3658; x_wconf 88' lang='lat' dir='ltr'>om.</span> <span class='ocrx_word' id='word_1_309' title='bbox 696 3607 729 3656; x_wconf 90' lang='lat' dir='ltr'><em>M</em></span> <span class='ocrx_word' id='word_1_310' title='bbox 790 3608 858 3673; x_wconf 73' lang='lat' dir='ltr'>ond</span> <span class='ocrx_word' id='word_1_311' title='bbox 870 3608 1010 3659; x_wconf 85' lang='lat' dir='ltr'>flectusE:</span> <span class='ocrx_word' id='word_1_312' title='bbox 1028 3609 1143 3658; x_wconf 78' lang='lat' dir='ltr'>adfectet</span> <span class='ocrx_word' id='word_1_313' title='bbox 1153 3606 1216 3656; x_wconf 83' lang='grc' dir='ltr'>ΑΗ</span> 
     </span>
     <span class='ocr_line' id='line_1_36' title="bbox 206 3673 683 3745; baseline -0.021 -13"><span class='ocrx_word' id='word_1_314' title='bbox 206 3697 240 3745; x_wconf 81' lang='lat'>30</span> <span class='ocrx_word' id='word_1_315' title='bbox 255 3679 394 3731; x_wconf 81' lang='lat' dir='ltr'>accesserit</span> <span class='ocrx_word' id='word_1_316' title='bbox 405 3675 473 3726; x_wconf 83' lang='lat' dir='ltr'>er</span> <span class='ocrx_word' id='word_1_317' title='bbox 490 3676 636 3727; x_wconf 83' lang='lat' dir='ltr'>accesserit.</span> <span class='ocrx_word' id='word_1_318' title='bbox 650 3673 683 3723; x_wconf 89' lang='lat' dir='ltr'><em>M</em></span> 
     </span>
    </p>
   </div>
   <div class='ocr_carea' id='block_1_7' title="bbox 0 0 1349 4216">
    <p class='ocr_par' dir='ltr' id='par_1_15' title="bbox 0 0 1349 4216">
     <span class='ocr_line' id='line_1_37' title="bbox 0 0 1349 4216; baseline 0 0"><span class='ocrx_word' id='word_1_319' title='bbox 0 0 1349 4216; x_wconf 95' lang='lat' dir='ltr'> </span> 
     </span>
    </p>
   </div>
  </div>
 </body>
</html>
