2648 4216
447 239 505 298 DE
527 238 734 300 ORATORE
776 241 810 302 11
1145 255 1245 319 25105

126 399 210 476 ficiis,
226 403 266 463 de
280 404 420 481 peculatu
440 402 559 465 infitiari
577 425 700 467 necesse
715 417 778 468 est:
809 405 841 469 id
863 419 908 470 est
930 409 1017 485 igitur
1038 429 1132 487 genus

125 498 255 578 primum
284 520 440 561 causarum
468 500 501 562 in
532 502 651 564 iudiciis
685 524 721 564 ex
749 504 951 566 controversia
978 505 1066 579 sacti3
1101 505 1133 566 in

126 595 392 658 deliberationibus
412 600 589 677 plerumque
609 620 645 660 ex
666 600 764 673 futuri,
785 621 851 662 raro
869 623 905 664 ex
923 602 1061 663 instantis
1081 612 1133 662 aut

125 692 192 753 acti.
237 696 332 773 Saepe
353 694 443 755 etiam
465 715 511 755 res
532 715 595 756 non
617 696 655 756 sit
673 717 778 771 necne,
802 700 856 759 sed
876 699 971 776 qualis
991 698 1028 759 sit
1046 708 1197 777 quae-106

97 810 112 859 5
125 790 198 851 ritur
206 813 216 866 ;
236 802 270 852 ut
283 812 354 852 cum
369 794 402 852 L
419 791 523 870 Opimi
542 813 663 853 causam
685 796 868 855 defendebat
881 798 963 873 apud
976 798 1131 874 populum,

125 888 268 950 audiente
291 910 348 962 me,
372 891 406 952 C.
431 891 532 951 Carbo
553 893 666 963 consul,
690 890 765 951 nihil
791 893 829 952 de
851 894 885 954 C.
909 892 1037 953 Gracchi
1058 913 1133 954 nece

125 988 262 1064 negabat,
279 988 333 1048 sed
347 987 379 1048 id
393 987 456 1048 iure
470 1008 526 1066 pro
540 991 635 1050 salute
656 989 768 1068 patriae
783 992 896 1050 sactum
915 1009 980 1050 esse
994 988 1133 1064 dicebat;

125 1095 159 1143 ut
179 1083 279 1145 eidem
297 1084 431 1146 Carboni
450 1084 571 1147 tribuno
591 1085 688 1164 plebis
707 1086 767 1147 alia
788 1098 852 1147 tum
876 1098 978 1147 mente
997 1108 1059 1148 rem
1080 1107 1134 1165 pu-

125 1180 235 1241 blicam
250 1182 418 1260 capessenti
433 1185 465 1243 P.
482 1183 640 1245 Asricanus
663 1185 702 1245 de
723 1183 770 1243 Ti.
788 1186 926 1249 Graccho
941 1183 1133 1262 interroganti

82 1301 113 1338 ro
125 1280 319 1356 responderat
340 1279 403 1341 iure
424 1300 545 1341 caesum
567 1280 681 1355 videri;
710 1281 774 1342 iure
792 1293 893 1342 autem
913 1282 1015 1346 omnia
1032 1283 1133 1342 desen·

125 1377 244 1449 duntur,
261 1396 339 1454 quae
353 1387 423 1436 sunt
437 1376 501 1438 eius
520 1378 644 1455 generis,
661 1389 694 1438 ut
708 1391 759 1438 aut
773 1378 937 1456 oportuerit
951 1391 1002 1439 aut
1016 1378 1132 1440 licuerit

125 1485 178 1534 aut
204 1493 328 1535 necesse
355 1474 443 1535 fuerit
470 1487 522 1536 aut
549 1475 752 1554 imprudentia
779 1488 831 1536 aut
858 1497 929 1537 casu
957 1480 1035 1538 facta
1066 1497 1131 1539 esse

125 1570 289 1632 videantur.
334 1573 400 1632 Iam
424 1572 499 1651 quid
520 1584 650 1647 vocetur,
675 1572 833 1652 quaeritur,
858 1593 928 1633 cum
953 1594 1016 1652 quo
1039 1575 1193 1653 verb0107

125 1669 200 1747 quid
218 1671 432 1748 appellandum
454 1670 500 1744 sit,
523 1670 732 1746 contenditur3
761 1682 795 1731 ut
817 1670 890 1731 mihi
911 1671 968 1750 ipsi
985 1692 1054 1732 cum
1072 1674 1131 1734 hoc

82 1787 112 1838 15
126 1766 259 1846 Sulpicio
272 1767 328 1829 fuit
342 1767 373 1827 in
389 1768 526 1829 Norbani
542 1790 633 1831 causa
652 1790 771 1830 summa
784 1769 939 1831 contentio
951 1792 960 1845 ;
989 1773 1131 1849 pleraque

125 1865 207 1926 enim
229 1869 269 1927 de
293 1865 345 1939 eis,
369 1886 446 1944 quae
471 1867 510 1927 ab
534 1866 594 1928 isto
622 1866 839 1942 obiciebantur,
865 1888 935 1928 cum
963 1870 1129 1942 confiterer,

125 1974 228 2024 tamen
240 1965 279 2025 ab
295 1963 347 2024 illo
361 1964 548 2026 maiestatem
570 1964 716 2025 minutam
739 1966 896 2044 negabam,
911 1986 948 2026 ex
962 1985 1024 2044 quo
1037 1967 1131 2028 verbo

125 2063 190 2139 lege
218 2061 369 2139 Appuleia
395 2073 459 2123 tota
486 2062 537 2122 illa
564 2065 654 2123 carisa
678 2064 839 2141 pendebat
883 2066 985 2141 Atque
1012 2062 1043 2122 in
1071 2066 1194 2124 hoc108

124 2179 234 2237 genere
255 2179 412 2220 causarum
434 2180 498 2220 non
519 2159 594 2220 nulli
622 2160 810 2238 praecipiunt
835 2171 868 2220 ut
892 2161 1017 2222 verbum
1045 2160 1128 2236 illud,

81 2277 112 2314 πο
126 2259 209 2333 quod
231 2277 353 2318 causam
377 2257 456 2331 facit,
484 2257 611 2319 breviter
637 2269 764 2336 uterque
786 2257 918 2331 definiat,
943 2259 1027 2334 quod
1055 2257 1131 2318 mihi

125 2353 249 2431 quidem
267 2374 413 2433 perquam
431 2355 545 2432 puerile
565 2354 659 2416 videri
680 2357 777 2416 solet:
805 2355 864 2415 alia
885 2365 930 2416 est
946 2355 1036 2428 enim,
1058 2376 1129 2416 cum

124 2449 202 2512 inter
222 2453 329 2513 doctos
351 2452 489 2514 homines
503 2454 543 2513 de
562 2452 605 2513 eis
622 2451 694 2530 ipsis
711 2453 808 2525 rebus,
825 2471 903 2528 quae
923 2463 1077 2513 versantur
1097 2451 1129 2512 in

124 2549 246 2622 artibus,
272 2549 447 2627 disputatur,
470 2551 630 2611 verborum
650 2549 796 2623 definitio,
819 2560 853 2609 ut
873 2570 944 2609 cum
969 2549 1128 2626 quaeritur,

124 2646 199 2725 quid
227 2646 265 2706 sit
285 2667 340 2720 ars,
363 2647 438 2726 quid
459 2646 497 2707 sit
519 2650 574 2722 lex,
597 2647 671 2726 quid
692 2647 730 2709 sit
751 2646 863 2720 civitas,
885 2645 917 2706 in
939 2646 1048 2723 quibus
1069 2650 1129 2708 hoc

81 2767 110 2816 ²5
124 2744 268 2823 praecipit
289 2743 363 2804 ratio
384 2755 415 2806 et
435 2745 580 2819 doctrina,
602 2756 636 2805 ut
655 2744 700 2805 vis
722 2744 786 2806 eius
806 2744 857 2818 rei,
880 2764 971 2822 quam
993 2743 1127 2818 definias

124 2842 167 2903 sic
190 2841 379 2921 exprimatur,
401 2854 436 2903 ut
456 2864 556 2920 neque
577 2842 656 2903 absit
676 2841 839 2921 quicquam
860 2862 962 2918 neque
984 2840 1129 2918 supersit3

124 2942 208 3017 quod
223 2941 347 3018 quidem
360 2939 392 3002 in
407 2941 457 3001 illa
471 2961 562 3002 causa
580 2961 679 3018 neque
699 2940 849 3019 Sulpicius
868 2939 939 3001 fecit
959 2959 1058 3017 neque
1073 2960 1130 3017 ego
1146 2963 1193 3016 109

124 3040 222 3099 facere
235 3049 361 3099 conatus
376 3057 462 3111 sum;
482 3058 553 3097 nam
568 3049 714 3116 quantum
729 3050 857 3114 uterque
870 3048 1007 3098 nostrum
1021 3036 1128 3114 potuit,

125 3135 208 3197 omni
222 3135 311 3215 copia
321 3136 443 3198 dicendi
452 3135 593 3209 dilatavit,
605 3136 679 3215 quid
691 3146 769 3197 esset
780 3135 967 3196 maiestatem
978 3134 1131 3196 minuere:

79 3250 112 3299 30
125 3234 236 3295 etenim
258 3234 395 3296 definitio
415 3235 545 3313 primum
562 3237 743 3313 reprehenso
761 3234 854 3295 verbo
870 3253 933 3294 uno
953 3244 1006 3293 aut
1025 3232 1131 3293 addito

124 3344 176 3392 aut
197 3335 322 3411 dempto
343 3353 434 3411 saepe
454 3345 646 3410 extorquetur
665 3353 681 3394 e
699 3331 839 3392 manibus
850 3353 860 3406 3
889 3329 1001 3391 deinde
1021 3350 1130 3408 genere

157 3481 189 3529 M
200 3479 319 3529 =AEH
448 3482 531 3543 4acti
549 3480 628 3530 Reid:
646 3479 786 3530 sacticodd.
867 3496 898 3530 10
915 3481 1086 3542 responderat
1102 3496 1129 3528 m

124 3561 195 3598 recca
216 3549 374 3609 respondeat
386 3546 419 3595 M
504 3563 537 3595 ao
553 3547 668 3596 breviter
685 3555 794 3609 uterque
808 3562 881 3597 rece:
900 3546 1066 3608 breviterque
1083 3546 1130 3596 M:

125 3611 209 3660 lucide
226 3613 389 3675 breviterque
410 3613 516 3661 definiat
535 3629 577 3662 m:
601 3613 667 3662 unde
682 3611 782 3661 Ellendt
798 3627 849 3660 non
866 3613 946 3660 noluit
962 3612 1011 3660 luc.
1031 3613 1067 3661 br.
1086 3613 1130 3660 de·

124 3677 229 3727 finiatur
311 3694 343 3740 24
361 3679 423 3740 quid
440 3679 474 3727 sit
490 3693 532 3727 ars
544 3694 594 3727 om.
609 3677 641 3726 M
721 3679 756 3726 26
771 3693 856 3739 neque
868 3679 981 3740 supersit
992 3693 1042 3727 om.
1056 3676 1089 3724 M
