2648 4216
463 269 507 328 M.
530 268 659 327 TVLLI
681 267 914 329 CICERONIS

186 434 269 508 nulli,
285 437 359 496 dum
378 453 501 513 operam
521 453 606 493 suam
624 434 749 493 multam
766 432 927 494 existimari
945 436 1059 508 volunt,
1075 444 1109 496 ut
1128 441 1194 495 toto

187 535 252 594 foro
276 530 399 593 volitare
421 541 452 593 et
473 550 492 591 a
513 550 605 591 causa
627 532 667 591 ad
689 551 811 590 causam
833 530 875 592 ire
899 530 1064 604 videantur,
1088 551 1194 592 causas

188 629 293 691 dicunt
314 627 501 707 incognitas;
532 627 564 687 in
583 647 645 706 quo
659 638 705 688 est
725 626 776 688 illa
796 627 920 706 quidem
942 648 1051 704 magna
1067 627 1195 689 offensio

187 729 234 788 vel
248 725 460 804 neglegentiae,
473 724 619 802 susceptis
633 725 730 799 rebus,
746 726 793 786 vel
807 725 957 802 perfidiae,
974 725 1119 803 receptis;
1140 726 1195 786 sed

188 824 277 885 etiam
292 823 342 883 illa
356 822 451 884 maior
464 821 615 901 opinione,
628 824 711 900 quod
725 842 817 883 nemo
830 833 930 901 potest
943 824 983 884 de
997 844 1034 884 ea
1046 844 1086 896 re,
1102 843 1194 901 quarn
1210 844 1223 894 5

188 942 250 982 non
264 921 355 993 novit,
366 941 430 982 non
443 919 614 999 turpissime
627 919 728 981 dicere
741 941 748 979 ε
768 919 810 980 ita
825 922 899 981 dum
912 919 1036 982 inertiae
1049 920 1196 999 vitupera-

188 1019 310 1093 tionem,
335 1038 413 1098 quae
437 1018 533 1080 maior
559 1029 612 1092 est,
642 1029 850 1090 contemnunt,
873 1020 1080 1097 adsequuntur
1103 1019 1195 1080 etiam

126 1143 172 1178 ιω
189 1117 278 1190 illam,
294 1137 386 1195 quam
403 1115 497 1194 magis
516 1115 574 1193 ipsi
595 1116 719 1193 fugiunt,
742 1114 896 1176 tarditatis,
941 1116 1092 1193 Equidem
1111 1119 1196 1178 soleo

189 1216 261 1275 dare
274 1233 405 1292 operam,
421 1224 455 1273 ut
469 1215 508 1274 de
522 1234 577 1274 sua
595 1213 723 1292 quisque
739 1233 771 1274 re
788 1233 837 1274 me
856 1212 922 1294 ipse
940 1216 1051 1276 doceat
1064 1226 1095 1276 et
1108 1227 1142 1275 ut
1156 1235 1195 1276 ne

189 1311 257 1390 quis
280 1311 356 1372 alius
380 1310 467 1385 adsit,
489 1330 551 1388 quo
572 1311 694 1372 liberius
714 1312 860 1389 loquatur,
883 1322 915 1373 et
934 1333 1023 1391 agere
1046 1311 1195 1374 adversari
1212 1336 1241 1371 ιο

189 1429 319 1482 causam,
335 1420 369 1470 ut
382 1408 433 1469 ille
446 1420 515 1487 agat
528 1429 613 1469 suam
632 1420 663 1469 et
677 1408 822 1487 quicquid
839 1410 879 1470 de
893 1429 948 1470 sua
967 1430 1000 1471 re
1013 1410 1150 1489 cogitarit
1164 1410 1196 1471 in

190 1507 324 1568 medium
345 1507 493 1584 proferat:
524 1506 627 1585 itaque
647 1528 717 1567 curn
739 1506 789 1568 ille
813 1506 958 1581 discessit,
981 1508 1033 1569 tris
1053 1529 1197 1588 personas

189 1625 267 1665 unus
295 1603 429 1666 sustineo
456 1624 576 1665 summa
601 1604 695 1664 animi
721 1604 880 1683 aequitate,
906 1627 1014 1680 meam,
1037 1606 1195 1679 adversari,

190 1702 304 1764 iudicis.
349 1701 411 1779 Qui
424 1704 509 1763 locus
523 1712 569 1763 est
582 1701 656 1775 talis,
672 1714 706 1763 ut
719 1705 787 1782 plus
801 1704 911 1765 habeat
923 1703 1090 1766 adiumenti
1104 1724 1197 1782 quarn

191 1800 384 1874 incommodi,
396 1803 477 1862 hunc
490 1799 594 1861 iudico
607 1821 673 1861 esse
683 1801 865 1876 dicendum3
885 1801 938 1862 ubi
947 1804 1014 1880 plus
1025 1801 1096 1862 mali
1105 1822 1197 1881 quam
1213 1820 1243 1872 15

130 1913 176 1962 103
191 1898 265 1960 boni
279 1897 402 1977 reperio,
418 1897 451 1958 id
464 1908 562 1958 totum
580 1897 723 1959 abiudico
742 1910 833 1977 atque
846 1899 931 1961 eicio.
976 1902 1024 1961 Ita
1037 1902 1195 1979 adsequor,

190 2008 224 2057 ut
238 1996 297 2057 alio
316 2007 451 2074 tempore
472 1995 601 2073 cogitem
623 1995 697 2074 quid
717 1995 817 2057 dicam
838 2008 869 2058 et
889 1997 949 2058 alio
970 1998 1089 2074 dicam3
1103 2019 1104 2022 ¹
1120 2017 1198 2077 quae

191 2097 254 2156 duo
274 2093 409 2172 plerique
428 2091 549 2171 ingenio
567 2093 633 2155 freti
653 2093 741 2154 simul
761 2094 874 2155 faciunt
885 2117 894 2170 ;
923 2098 977 2156 sed
997 2107 1077 2158 certe
1098 2096 1198 2158 eidem

191 2192 234 2253 illi
249 2191 356 2253 melius
365 2190 520 2269 aliquanto
529 2190 670 2264 dicerent,
684 2190 709 2251 si
718 2191 799 2252 aliud
814 2195 996 2254 sumendum
1006 2193 1064 2254 sibi
1078 2205 1198 2272 tempus

131 2305 177 2355 ¹04
191 2292 231 2351 ad
253 2289 455 2367 cogitandum,
481 2287 563 2349 aliud
587 2289 627 2349 ad
650 2288 813 2350 dicendum
835 2301 982 2368 putarent
1026 2292 1106 2352 Cum
1134 2310 1197 2352 rem
1212 2313 1244 2348 20

192 2387 312 2468 penitus
327 2405 510 2464 causamque
526 2384 662 2464 cognovi,
680 2385 780 2445 statim
799 2386 928 2447 occurrit
941 2387 1051 2460 anim0,
1068 2408 1146 2466 quae
1160 2386 1199 2447 sit

193 2505 284 2547 causa
297 2482 489 2561 ambigendi;
509 2482 584 2543 nihil
599 2492 644 2545 est
659 2482 749 2557 enim,
765 2485 849 2561 quod
864 2483 940 2545 inter
954 2484 1093 2545 homines
1105 2483 1200 2545 ambi-

193 2594 285 2661 gatur,
309 2581 372 2643 sive
392 2602 429 2643 ex
449 2580 573 2642 crimine
594 2601 685 2641 causa
706 2592 831 2653 constat,
855 2593 889 2641 ut
909 2581 1058 2655 facinoris,
1080 2581 1143 2642 sive
1163 2602 1201 2641 ex

193 2677 401 2752 controversia,
424 2690 458 2738 ut
479 2677 659 2750 hereditatis,
682 2677 744 2739 sive
761 2699 798 2739 ex
818 2677 1040 2752 deliberatione,
1064 2689 1098 2740 ut
1118 2677 1198 2751 belli,

194 2777 268 2860 [sive
291 2798 328 2838 ex
354 2795 490 2854 persona,
520 2786 554 2835 ut
579 2773 701 2856 laudis]
726 2775 787 2837 sive
810 2797 847 2845 ex
869 2776 1080 2854 disputatione,
1104 2787 1139 2836 ut
1160 2777 1200 2836 de
1216 2796 1245 2845 25

193 2875 307 2936 ratione
329 2872 457 2945 vivendi,
484 2871 516 2931 in
537 2891 598 2950 quo
622 2893 685 2933 non
708 2884 760 2933 aut
782 2872 856 2952 quid
879 2876 991 2935 facturn
1015 2873 1054 2935 sit
1075 2883 1128 2934 aut
1149 2875 1201 2933 fiat

141 2951 180 3055 αξ
193 2975 362 3033 futurumve
377 2969 415 3030 sit
429 2979 587 3048 quaeratur
601 2981 653 3030 aut
671 2973 759 3049 quale
774 2970 812 3031 sit
826 2982 878 3031 aut
893 2971 967 3050 quid
980 2984 1111 3033 vocetur.
1154 2974 1201 3031 Ac

134 3043 178 3092 ¹⁰³
193 3080 312 3130 nostrae
325 3070 386 3129 sere
400 3087 516 3140 causae,
527 3087 605 3146 quae
619 3067 743 3146 quidem
758 3079 828 3130 sunt
841 3068 1008 3143 criminum,
1024 3072 1201 3147 plerumque

195 3165 371 3227 infitiatione
394 3166 616 3241 defenduntur3
647 3178 772 3228 namet
796 3169 835 3228 de
863 3167 999 3245 pecuniis
1027 3165 1200 3245 repetundis

196 3284 273 3342 quae
288 3263 434 3325 maximae
449 3277 527 3340 sunt,
543 3267 683 3343 neganda
700 3267 761 3325 fere
776 3276 846 3325 sunt
860 3264 970 3336 omnia,
987 3275 1017 3324 et
1030 3264 1070 3324 de
1084 3263 1200 3324 ambitu
1215 3281 1248 3330 30

196 3382 261 3422 raro
275 3361 350 3423 illud
367 3365 461 3437 datur,
478 3374 512 3425 ut
529 3362 626 3443 possis
650 3361 859 3423 liberalitatem
876 3373 967 3439 atque
986 3360 1201 3438 benignitatem

195 3460 235 3520 ab
249 3460 364 3521 ambitu
378 3473 468 3541 atque
490 3460 646 3540 largitione
668 3459 823 3537 seiungere
835 3480 844 3533 ;
872 3461 912 3520 de
925 3457 1046 3541 sicariis,
1062 3459 1102 3518 de
1115 3476 1203 3518 vene·

229 3592 286 3642 M=
294 3594 377 3643 AEH
440 3610 456 3643 a
468 3609 559 3643 causas
569 3593 689 3642 dicuntm
697 3607 751 3641 recc.
765 3607 772 3640 ι
784 3605 874 3640 causas
881 3592 965 3640 sciunt
973 3589 1005 3638 M
1071 3590 1102 3638 1⁶
1113 3588 1204 3638 abdico

197 3665 269 3709 mult.
283 3676 337 3708 rccc.
350 3675 402 3708 non
414 3659 492 3708 nulli:
511 3658 600 3707 huda!
610 3656 711 3707 Ellendt
775 3671 807 3716 25
825 3656 881 3705 sive
893 3671 926 3704 ex
937 3670 1049 3718 persona
1066 3661 1095 3703 ut
1111 3653 1201 3713 laudis,

197 3741 246 3776 om.
261 3724 307 3773 M:
331 3725 386 3774 sive
398 3739 431 3773 ex
443 3723 589 3773 laudatione
601 3730 629 3771 ut
641 3737 769 3785 personae
780 3721 907 3786 Ki'esslr'ng
998 3734 1030 3782 aq
1042 3721 1086 3782 qui
1097 3726 1205 3770 vocetur

197 3791 290 3841 Puden?
386 3805 417 3852 31
430 3797 508 3852 atque
519 3789 577 3840 ben.
591 3804 642 3838 om.
654 3786 687 3836 Μ
