2648 4216
96 254 166 314 9³5
461 241 505 300 M.
526 240 655 299 TVLLI
677 237 908 301 CICERONIS

181 410 255 483 foro,
277 409 429 484 contione,
450 407 577 483 iudiciis,
601 420 706 469 senatu
728 406 856 469 statuisti
879 419 1027 468 oratorem
1050 405 1082 466 in
1102 404 1187 467 omni

138 520 169 582 3⁶
181 527 289 584 genere
303 506 449 567 sermonis
463 517 494 567 et
507 505 701 566 humanitatis
718 525 784 565 esse
797 507 969 583 perfectum.
1013 504 1091 580 Quis
1105 502 1187 564 enim

182 603 236 664 tibi
250 605 310 665 hoc
328 603 509 665 concesserit
527 614 579 663 aut
598 601 684 663 initio
702 622 797 680 genus
815 602 972 662 hominum
986 601 1018 661 in
1032 599 1187 661 montibus

181 720 218 760 ac
237 700 318 761 silvis
340 700 518 778 dissipatum
539 721 602 760 non
624 699 817 778 prudentium
841 697 972 759 consiliis
996 700 1187 775 compulsum

181 797 281 876 potius
309 818 400 875 quarn
428 798 607 859 disertorum
634 797 768 859 oratione
802 797 966 858 delenitum
1001 817 1034 857 se
1068 796 1215 874 oppidis5

182 895 402 973 moenibusque
420 896 588 975 saepsisse?
611 906 663 956 aut
681 916 752 957 vero
772 895 899 973 reliquas
921 893 1062 955 utilitates
1083 905 1135 954 aut
1156 894 1187 955 in

181 992 399 1054 constituendis
417 1003 470 1054 aut
488 993 520 1054 in
539 992 751 1054 conservandis
772 990 941 1052 civitatibus
960 1010 1022 1052 non
1041 989 1188 1069 asapien-

182 1089 262 1150 tibus
283 1102 313 1151 et
335 1089 461 1151 fortibus
482 1089 559 1165 viris,
575 1093 629 1152 sed
653 1111 672 1151 a
693 1089 810 1151 disertis
831 1102 995 1167 ornateque
1017 1088 1188 1150 dicentibus

136 1205 168 1262 37
182 1208 249 1249 esse
263 1187 464 1249 constitutas?
504 1192 555 1248 An
573 1208 644 1250 vero
665 1186 719 1248 tibi
743 1189 892 1247 Romulus
915 1186 964 1247 ille
984 1197 1035 1246 aut
1054 1197 1188 1264 pastores

182 1295 213 1345 et
226 1305 377 1346 convenas
391 1305 587 1364 congregasse
600 1295 652 1346 aut
666 1284 846 1346 Sabinorum
858 1283 988 1345 conubia
998 1282 1188 1344 coniunxisse
1204 1304 1234 1340 ro

183 1393 235 1441 aut
261 1381 456 1443 finitimorum
483 1381 544 1443 vim
572 1381 746 1460 repressisse
773 1381 945 1459 eloquentia
971 1380 1096 1454 videtur,
1125 1401 1188 1441 nun

183 1478 310 1540 consilio
331 1491 361 1540 et
378 1479 523 1558 sapientia
537 1479 699 1558 singulari?
740 1479 846 1556 Quid?
866 1479 898 1539 in
913 1481 1015 1540 Numa
1029 1477 1187 1555 Pompilio,

183 1576 280 1656 quid?
316 1576 348 1638 in
362 1577 465 1639 Servio
478 1578 588 1653 Tullio,
604 1577 700 1656 quid?
730 1577 761 1638 in
784 1577 889 1638 ceteris
911 1576 1038 1654 regibus,
1060 1594 1189 1653 quorum

184 1676 279 1734 multa
298 1684 368 1735 sunt
389 1673 496 1735 eximia
519 1677 560 1737 ad
582 1675 823 1737 constituendam
845 1695 907 1735 rem
931 1672 1092 1751 publicam,
1115 1692 1189 1731 num

184 1769 373 1847 eloquentiae
404 1770 561 1848 vestigium
588 1775 733 1850 apparet?
774 1769 880 1847 Quid?
914 1769 1024 1831 exactis
1060 1767 1187 1846 regibus,
1206 1791 1234 1842 ¹5

184 1866 302 1927 tametsi
329 1866 425 1944 ipsam
453 1867 639 1928 exactionem
667 1879 776 1941 mente,
805 1888 868 1928 nun
896 1866 997 1944 lingua
1027 1867 1189 1944 perfectam

186 1966 218 2025 L.
243 1964 327 2024 Bruti
347 1985 413 2025 esse
430 1964 588 2039 cernimus,
610 1968 664 2027 sed
685 1965 828 2042 deinceps
849 1964 951 2025 omnia
974 1983 1076 2024 nonne
1100 1965 1191 2040 plena

141 2076 170 2137 38
185 2060 385 2135 consiliorum,
402 2061 502 2123 inania
514 2063 673 2123 verborum
693 2062 852 2123 videmus?
893 2064 959 2139 Ego
973 2081 1043 2122 vero
1061 2059 1086 2120 si
1099 2057 1190 2120 velim

185 2169 215 2218 et
236 2169 354 2218 nostrae
375 2157 500 2220 civitatis
521 2159 664 2237 exemplis
686 2158 729 2219 uti
750 2170 780 2219 et
800 2157 932 2232 aliarum,
955 2160 1040 2236 plura
1060 2158 1191 2235 prolerre

185 2255 298 2334 possim
326 2255 504 2318 detrimenta
530 2256 658 2335 publicis
691 2258 779 2318 rebus
804 2277 898 2334 quam
926 2256 1108 2329 adiumenta,
1138 2275 1191 2332 per
1205 2275 1236 2310 ιο

185 2351 323 2414 homines
342 2353 602 2430 eloquentissimos
624 2353 782 2432 importata
793 2376 802 2429 3
823 2355 877 2414 sed
891 2365 924 2413 ut
938 2353 1052 2431 reliqua
1066 2363 1192 2430 praeter·

186 2449 311 2524 mittam,
327 2450 462 2511 omnium
477 2451 550 2511 mihi
561 2450 672 2525 videor,
685 2451 824 2529 exceptis,
837 2453 952 2524 Crasse,
964 2451 1049 2512 vobis
1060 2451 1190 2523 duobus,

186 2547 446 2625 eloquentissimos
459 2548 579 2611 audisse
593 2549 638 2610 Ti.
650 2561 679 2610 et
695 2552 729 2612 C.
741 2549 943 2627 Sempronius,
956 2569 1084 2626 quorum
1098 2559 1190 2625 pater,

186 2648 280 2707 homo
301 2648 433 2724 prudens
455 2658 484 2708 et
505 2647 609 2725 gravis,
625 2648 858 2726 haudquaquam
881 2649 1034 2725 eloquens,
1053 2657 1083 2706 et
1102 2664 1192 2723 saepe

186 2743 259 2804 alias
273 2753 303 2804 et
317 2743 445 2805 maxime
459 2764 566 2806 censor
579 2744 665 2807 saluti
681 2745 721 2807 rei
738 2744 875 2823 publicae
890 2744 963 2805 fuit:
984 2755 1075 2821 atque
1090 2742 1115 2803 is
1129 2763 1192 2803 non
1207 2762 1237 2812 ²5

186 2852 324 2902 accurata
350 2842 481 2919 quadam
509 2843 651 2904 orationis
676 2843 771 2922 copia,
796 2844 850 2905 sed
878 2853 954 2902 nutu
981 2853 1072 2919 atque
1099 2841 1192 2901 verbo

186 2936 340 2999 libertinos
365 2937 395 2998 in
423 2939 551 3000 urbanas
576 2941 670 3002 tribus
695 2940 851 3014 transtulit,
874 2940 958 3018 quud
983 2938 1040 2999 nisi
1064 2938 1191 3011 fecisset,

187 3055 249 3094 rem
271 3033 430 3112 publicam,
455 3057 545 3114 quarn
571 3059 652 3100 nunc
674 3037 722 3099 vix
745 3050 892 3111 tenemus,
918 3035 1054 3097 iamdiu
1079 3037 1193 3096 nullam

187 3131 372 3191 haberemus.
416 3137 458 3194 At
492 3156 562 3197 vero
597 3135 662 3197 eius
695 3134 748 3196 filii
783 3133 885 3195 diserti
920 3145 949 3194 et
977 3132 1118 3193 omnibus
1146 3134 1193 3192 vel

188 3239 310 3289 naturae
331 3231 378 3289 vel
399 3231 552 3294 doctrinae
574 3231 728 3311 praesidiis
748 3234 788 3293 ad
810 3230 974 3292 dicendum
998 3229 1100 3306 parati,
1123 3248 1193 3289 curn
1207 3251 1239 3298 30

189 3325 338 3388 civitatem
353 3331 400 3390 vel
413 3342 538 3409 patemo
552 3330 678 3393 consilio
691 3333 739 3392 vel
752 3329 837 3391 avitis
851 3328 940 3390 annis
954 3326 1194 3388 florentissimam

142 3480 178 3524 10
191 3425 384 3504 accepissent,
407 3428 464 3488 ista
491 3431 640 3506 praeclara
664 3425 877 3506 gubernatrice,
903 3436 936 3485 ut
963 3423 1015 3497 ais,
1041 3421 1194 3484 civitatum

145 3572 177 3622 39
191 3524 363 3602 eloquentia
399 3545 462 3586 rem
499 3525 651 3604 publicam
687 3523 912 3602 dissipaverunt.
970 3519 1077 3597 Quid?
1114 3522 1194 3596 leges

218 3674 344 3724 M=HE
434 3689 465 3723 10
481 3671 646 3736 coniugiaM
712 3674 742 3720 1⁶
755 3671 903 3733 linguanon
911 3673 998 3717 mente
1011 3666 1102 3717 maluit
1112 3665 1199 3716 Weber

191 3742 298 3788 a6nutu
311 3756 382 3790 nce:
399 3741 468 3789 nuda
479 3739 537 3788 Mm
