2648 4216
439 251 498 311 DE
519 250 727 316 ORATORE
769 252 821 312 111
843 248 844 252 ’

125 415 252 479 nomine
276 417 494 496 usurpandum,
516 437 578 495 quo
605 427 754 495 arguatur,
776 430 829 479 aut
856 438 920 480 non
947 416 989 480 ita
1015 417 1073 498 agi,
1100 416 1135 482 ut

125 512 264 574 debuerit
283 534 319 575 ac
340 513 455 575 licuerit
466 536 475 590 3
504 525 545 589 et,
565 513 591 574 si
611 514 682 576 satis
702 534 768 577 esse
787 516 899 594 putatis
920 537 964 590 ea,
988 538 1065 596 quae
1086 515 1135 579 isti

126 610 283 690 scriptores
303 612 374 673 artis
393 614 512 686 docent,
528 611 654 687 discere,
667 632 746 690 quae
762 615 858 674 multo
877 626 978 676 tamen
992 614 1134 690 ornatius,

126 727 217 785 quam
227 711 267 771 ab
282 709 339 771 illis
353 708 504 785 dicuntur,
517 720 549 772 et
566 710 687 773 uberius
707 710 865 789 explicavit
878 713 1137 789 Antonius-sed,

98 805 151 876 5si
176 805 223 866 his
249 805 384 867 contenti
408 806 479 867 estis
506 818 598 885 atque
622 807 665 868 eis
689 806 790 882 etiam,
813 827 891 886 quae
918 808 980 870 dici
1000 809 1137 871 voluistis

125 923 215 978 ame,
230 903 268 964 ¹ex
285 904 400 982 ingenti
420 908 553 984 quodam
575 916 722 966 oratorem
743 904 953 985 immensoque
973 926 1081 985 campo
1102 907 1135 968 in

125 1001 265 1080 exiguum
286 1022 358 1063 sane
378 1023 482 1081 gyrum
504 1003 691 1082 compellitis.
734 1003 787 1065 Sin
806 1015 936 1065 veterem
957 1003 1041 1065 illum
1056 1005 1179 1083 Peri-71

125 1100 204 1159 clem
230 1110 283 1161 aut
307 1101 388 1160 hunc
411 1100 512 1176 etiam,
534 1101 586 1179 qui
613 1100 784 1161 familiarior
810 1101 899 1163 nobis
923 1114 1044 1182 propter
1067 1103 1135 1165 scri·

126 1206 246 1273 ptorum
267 1196 490 1258 multitudinem
511 1208 567 1272 est,
585 1200 822 1260 Demosthenem
844 1198 930 1277 sequi
949 1199 1038 1261 vultis
1059 1211 1089 1262 et
1109 1201 1134 1261 si

82 1315 113 1353 10
126 1293 207 1354 illam
229 1296 410 1372 praeclaram
433 1306 463 1356 et
487 1295 626 1356 eximiam
650 1296 781 1374 speciem
806 1296 930 1358 oratoris
957 1297 1081 1377 perfecti
1104 1310 1135 1361 et

126 1391 357 1470 pulcritudinem
374 1393 546 1469 adamastis,
566 1404 618 1454 aut
636 1393 722 1454 vobis
739 1394 813 1455 haec
828 1395 996 1457 Carneadia
1011 1408 1064 1457 aut
1084 1395 1135 1458 illa

125 1490 297 1553 Aristotelia
309 1491 354 1552 vis
368 1494 653 1571 comprehendenda
666 1504 719 1554 est.
763 1494 912 1571 Namque,
929 1506 962 1555 ut
974 1505 1045 1556 ante
1062 1495 1133 1572 dixi,
1148 1513 1177 1566 :a

124 1600 238 1650 veteres
251 1588 294 1649 illi
308 1592 458 1666 usquead
472 1592 624 1652 Socratem
643 1610 765 1652 omnem
783 1590 919 1654 omnium
933 1611 1042 1669 rerum,
1055 1613 1134 1671 quae

123 1688 164 1748 ad
178 1705 276 1746 mores
297 1686 466 1762 hominum,
479 1707 557 1766 quae
576 1689 615 1749 ad
629 1687 732 1763 vitam,
745 1707 823 1766 quae
839 1690 880 1750 ad
892 1688 1043 1765 virtutem,
1056 1710 1134 1769 quae

82 1800 111 1851 15
123 1785 164 1844 ad
178 1783 408 1863 rempublicam
422 1784 621 1862 pertinebant,
631 1784 835 1864 cognitionem
849 1797 880 1847 et
893 1785 1049 1848 scientiam
1063 1806 1134 1848 cum

124 1879 247 1942 dicendi
273 1880 388 1942 ratione
415 1879 597 1960 iungebant3
627 1893 733 1961 postea
756 1882 918 1959 dissociati,
940 1894 974 1944 ut
1001 1882 1133 1962 exposui,

123 1997 143 2038 a
166 1979 289 2039 Socrate
309 1974 425 2060 [diserti
444 1997 465 2038 a
484 1976 594 2061 doctis]
616 1990 647 2040 et
671 1979 814 2059 deinceps
837 1999 857 2040 a
880 1980 1038 2043 Socraticis
1062 1981 1135 2043 item

124 2074 266 2136 omnibus
303 2074 476 2155 philosophi
516 2077 719 2154 eloquentiam
757 2080 966 2156 despexerunt,
1004 2090 1135 2142 oratores

124 2171 313 2251 sapientiam,
336 2193 437 2252 neque
463 2173 626 2253 quicquam
650 2195 687 2235 ex
714 2175 834 2237 alterius
857 2187 942 2254 parte
965 2177 1133 2256 tetigerunt,

79 2294 112 2332 20
124 2269 181 2330 nisi
204 2273 288 2349 quod
308 2269 351 2330 illi
370 2270 411 2331 ab
431 2271 479 2331 his
498 2283 551 2333 aut
571 2273 611 2333 ab
632 2272 690 2333 illis
710 2272 742 2334 hi
762 2285 969 2336 mutuarentur
979 2297 989 2350 3
1017 2296 1054 2336 ex
1073 2295 1134 2353 quo

123 2367 272 2446 promisce
298 2367 458 2443 haurirent,
487 2369 513 2430 si
540 2389 662 2431 manere
695 2369 727 2430 in
761 2371 885 2448 pristina
918 2372 1134 2433 communione
1259 2449 1261 2452 Α

122 2464 294 2526 voluissent
337 2468 398 2528 Sed
419 2478 452 2527 ut
471 2466 631 2546 pontifices
646 2477 761 2528 veteres
781 2479 902 2547 propter
921 2468 1132 2532 sacrificiorum
1147 2494 1178 2550 73

123 2562 346 2625 multitudinem
363 2563 414 2625 tris
428 2564 507 2625 viros
525 2567 671 2643 epulones
687 2586 754 2626 esse
766 2567 933 2640 voluerunt,
948 2586 1018 2627 cum
1032 2578 1133 2628 essent

122 2659 180 2739 ipsi
200 2682 220 2722 a
242 2663 354 2737 Numa,
374 2673 408 2722 ut
430 2662 521 2723 etiam
545 2662 620 2724 illud
647 2665 787 2724 ludorum
809 2665 931 2741 epulare
954 2662 1131 2725 sacrificium

78 2780 109 2832 ²5
122 2760 261 2832 facerent,
282 2758 418 2834 instituti,
439 2759 482 2820 sic
500 2759 644 2821 Socratici
661 2780 680 2821 a
700 2781 733 2822 se
753 2781 910 2822 causarum
930 2772 1045 2822 actores
1064 2772 1094 2824 et
1112 2782 1132 2824 a

121 2855 277 2917 communi
300 2857 508 2937 philosophiae
529 2858 653 2920 nomine
680 2870 917 2938 separaverunt,
923 2879 993 2920 cum
1017 2871 1131 2921 veteres

121 2953 243 3015 dicendi
257 2964 288 3015 et
300 2953 493 3033 intellegendi
512 2955 667 3017 mirificam
688 2956 862 3018 societatem
877 2976 943 3017 esse
955 2956 1184 3074 voluissent.o

123 3052 210 3125 Quae
223 3071 293 3112 cum
307 3050 350 3112 ita
363 3051 430 3124 sint,
447 3054 601 3131 paululum
615 3053 757 3131 equidem
775 3057 815 3115 de
834 3074 883 3115 me
902 3055 1086 3133 deprecabor
1098 3025 1184 3172 etz:²

121 3160 222 3225 petam
239 3148 366 3223 avobis,
380 3159 414 3208 ut
432 3169 478 3224 ea,
492 3170 570 3228 quae
588 3149 698 3226 dicam,
712 3171 774 3211 non
796 3153 835 3212 de
853 3162 965 3212 memet
985 3149 1061 3260 ipso,
1075 3117 1176 3214 sed⁷⁴

75 3246 161 3320 gode
189 3257 305 3306 oratore
332 3244 432 3306 dicere
458 3246 577 3324 putetis.
629 3250 695 3326 Ego
719 3247 801 3309 enim
829 3268 895 3309 sum
923 3247 959 3323 is,
981 3247 1033 3326 qui
1060 3268 1130 3309 cum

122 3361 242 3404 summo
258 3342 359 3404 studio
379 3343 470 3421 patris
490 3342 522 3403 in
543 3344 669 3424 pueritia
689 3347 797 3407 doctus
818 3365 915 3407 essem
932 3357 962 3407 et
980 3344 1012 3406 in
1032 3347 1131 3407 forum

122 3438 223 3518 ingeni
243 3451 368 3515 tantum,
384 3452 530 3519 quantum
552 3440 616 3520 ipse
636 3441 744 3518 sentio,
762 3462 825 3503 non
842 3454 969 3519 tantum,
983 3455 1129 3522 quantum

121 3663 138 3712 d
157 3597 294 3725 Igogoiimi
306 3613 322 3644 a
334 3597 417 3646 doctis
428 3596 526 3646 seclusa
536 3595 641 3648 Mueller
761 3615 795 3662 29
811 3614 863 3648 non
876 3601 909 3649 de
920 3599 987 3649 codd
1000 3617 1006 3648 :
1024 3615 1064 3649 me
1076 3614 1129 3649 non

139 3678 155 3712 e
