2648 4216
472 270 515 329 M.
538 268 667 329 TVLLI
689 266 922 330 CICERONIS

190 443 279 520 agas‚'
301 439 396 519 inquit
413 439 454 501 ‘si
475 437 567 499 malui
588 436 743 515 compilari
763 457 855 515 quam
875 436 1014 511 venire'3
1041 449 1075 498 ut
1092 438 1199 497 Asello

191 537 349 599 Africanus
384 535 527 598 obicienti
562 537 687 596 lustrum
722 534 797 595 illud
826 534 936 608 infelix,
975 533 1069 594 ‘noli'
1100 533 1199 613 inquit

195 634 310 695 ‘mirari
322 657 330 708 3
351 634 375 694 is
391 633 481 706 enim,
494 632 546 711 qui
561 645 591 693 te
605 653 642 694 ex
655 631 774 692 aerariis
789 631 906 706 exemit,
919 633 1046 692 lustrum
1060 630 1199 692 condidit

192 743 223 793 et
250 742 367 791 taurum
395 729 578 791 immolavit)
621 727 739 811 [Tacita
763 729 894 807 suspicio
919 740 972 801 est,
998 739 1032 788 ut
1056 727 1200 806 religione

193 828 342 889 civitatem
367 826 559 888 obstrinxisse
586 825 722 886 videatur
745 824 920 898 Mummius,
951 826 1034 903 quod
1062 825 1226 892 Asellum5

140 966 181 1039 67
194 924 357 1004 ignominia
371 921 497 1006 levarit]

132 1056 180 1120 2⁶9
235 1024 361 1084 Urbana
388 1022 479 1082 etiam
502 1021 700 1083 dissimulatio
728 1031 781 1094 est,
811 1041 881 1081 cum
896 1020 968 1081 *alia
994 1021 1136 1081 dicuntur
1163 1040 1200 1081 ac

193 1119 311 1194 sentias,
330 1139 393 1180 non
418 1119 469 1179 illo
491 1139 607 1197 genere,
630 1120 670 1179 de
693 1138 754 1197 quo
776 1129 846 1178 ante
871 1117 940 1190 dixi,
960 1138 1030 1178 cum
1050 1117 1200 1178 contraria

192 1217 283 1290 dicas,
307 1229 340 1277 ut
361 1216 484 1277 Lamiae
507 1218 640 1290 Crassus,
667 1218 722 1277 sed
746 1235 816 1275 cum
841 1227 906 1276 toto
927 1236 1035 1293 genere
1056 1214 1199 1276 orationis

192 1334 293 1374 severe
307 1316 401 1389 ludas
418 1333 488 1373 cum
503 1313 588 1373 aliter
601 1312 712 1374 sentias
731 1333 767 1372 ac
781 1314 923 1390 loquare;
950 1325 984 1373 ut
998 1324 1099 1373 noster
1113 1315 1201 1372 Scae·
1216 1332 1246 1368 ro

191 1413 261 1474 vota
275 1412 480 1492 Septumuleio
500 1412 543 1472 illi
562 1411 732 1490 Anagnin0,
749 1411 797 1472 cui
818 1432 873 1490 pro
893 1414 927 1474 C.
950 1411 1079 1472 Gracchi
1099 1411 1199 1488 capite

191 1522 254 1571 erat
268 1531 374 1571 aurum
394 1529 564 1589 repensum,
583 1508 706 1587 roganti,
728 1521 762 1569 ut
782 1529 815 1569 se
836 1508 867 1569 in
888 1508 994 1569 Asiam
1013 1511 1198 1587 praefectum

191 1612 315 1670 duceret
331 1607 423 1687 ‘quid
438 1607 493 1670 tibi
512 1607 575 1682 vis,'
589 1607 686 1686 inquit
711 1607 855 1669 ‘insanei
889 1619 972 1668 tanta
991 1610 1138 1668 malorum
1153 1617 1199 1668 est

192 1707 354 1768 multitudo
380 1706 498 1780 civium,
525 1717 558 1767 ut
580 1705 635 1766 tibi
658 1726 715 1784 ego
737 1707 797 1766 hoc
819 1708 1004 1779 confirmem,
1028 1705 1054 1766 si
1079 1708 1199 1766 Romae

152 1842 154 1846 ,
192 1804 344 1879 manseris,
371 1815 401 1864 te
421 1803 524 1882 paucis
545 1802 632 1864 annis
652 1804 692 1863 ad
714 1802 858 1863 maximas
879 1803 1022 1880 pecunias
1043 1823 1109 1864 esse
1129 1822 1200 1864 ven·
1215 1822 1243 1872 15

131 1905 310 1973 arcturum)
361 1904 398 1962 In
424 1903 483 1962 hoc
506 1920 615 1978 genere
638 1899 771 1960 Fannius
799 1899 831 1959 in
855 1900 1014 1961 annalibus
1039 1900 1100 1960 suis
1123 1899 1200 1959 Afri·

191 2019 301 2058 canum
326 2000 408 2058 hunc
430 1996 633 2058 Aemilianum
655 1997 729 2058 dicit
750 1997 842 2059 fuisse
866 1999 1008 2075 egregium
1029 2010 1060 2058 et
1081 2000 1199 2059 Graeco

146 2122 147 2126 ¹
192 2115 260 2155 eum
283 2095 375 2155 verbo
396 2096 526 2172 appellat
548 2096 645 2172 εἴρωνα
656 2116 664 2168 ;
694 2096 756 2170 sed,
773 2094 817 2154 uti
838 2094 867 2155 ei
887 2097 994 2169 ierunt,
1017 2094 1069 2173 qui
1090 2094 1198 2155 melius

192 2194 266 2253 haec
281 2204 399 2266 norunt,
411 2194 563 2252 Socratem
578 2193 686 2269 opinor
700 2191 731 2251 in
742 2193 800 2252 hac
813 2191 909 2252 ironia
919 2190 1199 2268 dissimulantiaque

192 2292 281 2369 longe
305 2292 407 2368 lepore
429 2300 460 2350 et
482 2289 667 2351 humanitate
691 2289 831 2350 omnibus
860 2289 1048 2367 praestitisse.
1092 2291 1197 2350 Genus
1213 2311 1244 2346 ιο

193 2399 238 2448 est
262 2391 434 2467 perelegans
457 2397 487 2448 et
511 2407 581 2448 cum
604 2386 746 2466 gravitate
769 2390 880 2448 salsum
904 2406 1035 2465 cumque
1062 2386 1198 2447 oratoriis

132 2499 176 2556 ²7¹
193 2485 375 2547 dictionibus
396 2496 461 2545 tum
481 2483 604 2546 urbanis
630 2484 819 2546 sermonibus
840 2487 1113 2545 accommodatum.
1158 2487 1198 2544 Et

192 2586 312 2644 hercule
326 2582 429 2643 omnia
444 2584 527 2658 haec,
544 2603 622 2661 quae
636 2603 655 2643 a
674 2603 723 2643 me
738 2585 777 2644 de
792 2582 905 2643 facetiis
920 2582 1118 2660 disputantur,
1134 2603 1198 2642 non

192 2680 304 2740 maiora
320 2679 483 2740 forensium
499 2679 657 2741 actionum·
672 2699 763 2758 quam
781 2680 917 2740 omnium
935 2699 1108 2741 sermonum
1127 2699 1199 2740 con-

190 2777 325 2838 dimenta
345 2789 422 2838 sunt
466 2778 547 2837 Nam
571 2775 649 2838 sicut
677 2780 760 2855 quod
780 2780 863 2856 apud
887 2780 1036 2840 Catonem
1057 2775 1198 2855 est-qui
1212 2798 1243 2849 ²⁵

191 2878 285 2936 multa
307 2873 426 2947 rettulit,
456 2894 492 2934 ex
514 2873 624 2951 quibus
646 2895 666 2935 a
689 2895 739 2935 me
763 2875 892 2954 exempli
916 2895 1006 2936 causa
1029 2894 1091 2934 non
1115 2874 1198 2934 nulla

190 2984 436 3051 ponuntur-per
457 2971 531 3031 mihi
552 2971 660 3033 scitum
682 2973 807 3048 videtur,
828 2975 863 3035 C.
885 2972 1054 3034 Publicium
1075 2971 1198 3032 solitum

190 3068 290 3129 dicere
306 3072 356 3128 ίΡ.
375 3068 559 3129 Mummium
576 3068 706 3130 cuiusvis
723 3069 866 3148 temporis
887 3069 1041 3130 hominem
1056 3071 1139 3143 esse,'
1154 3068 1199 3128 sic

191 3169 326 3245 profecto
348 3186 381 3226 se
401 3185 448 3226 res
470 3167 570 3242 habet,
586 3169 703 3227 nullum
725 3179 758 3227 ut
779 3167 816 3228 sit
837 3167 915 3228 vitae
936 3178 1063 3245 tempus,
1082 3165 1114 3226 in
1136 3185 1198 3244 quo

222 3321 255 3369 M
265 3320 331 3369 :H
429 3323 558 3383 4tacita.
573 3359 578 3370 .
592 3361 598 3374 .
612 3323 703 3372 levarit
714 3324 766 3373 secl.
781 3324 882 3372 Emestr'
985 3338 1014 3384 17
1033 3322 1199 3384 fuisseegre·

190 3389 260 3450 gium
277 3387 387 3438 Ptilm’t:
407 3386 485 3436 fuisse
502 3387 592 3438 codd:
616 3390 722 3450 multum
741 3389 818 3438 tuisse
835 3387 951 3438 Ellendt:
979 3388 1096 3437 floruisse
1114 3388 1197 3436 Bake:

189 3453 284 3503 aluisse
298 3452 404 3512 Jacobs:
425 3452 503 3503 fuisse
519 3454 629 3503 facetum
642 3454 725 3517 Sorof
796 3457 826 3502 18
843 3455 941 3504 verbo.
955 3491 961 3504 .
975 3490 981 3503 .
994 3469 1040 3501 ·na
1053 3453 1099 3502 H:
1117 3454 1198 3502 verbo

189 3519 269 3569 sedle
361 3533 391 3580 19
408 3519 515 3568 ironiam
528 3519 566 3570 L:
585 3520 682 3569 ironae
777 3535 807 3568 ar
827 3518 993 3569 oratorisH:
1013 3516 1201 3567 oratoribusM

190 3584 350 3633 namatium
370 3582 444 3632 Hm:
473 3584 620 3634 Nummium
639 3602 667 3634 e:
695 3583 846 3634 Mummium
862 3600 917 3634 mc.
994 3583 1105 3633 cuiusvis
1118 3585 1197 3632 Lam·

189 3650 281 3699 binus:
298 3649 398 3711 quidvis
419 3649 452 3697 H
460 3665 514 3699 recc.
527 3667 533 3698 :
551 3652 620 3712 quod
632 3652 671 3699 vis
683 3666 710 3698 m
721 3666 728 3699 r
744 3650 827 3701 cuivis
838 3649 905 3716 vulga
1016 3649 1142 3712 temporis
1151 3647 1198 3699 H:

189 3716 348 3778 temporibus
357 3715 382 3764 1:
401 3715 512 3777 tempori
523 3715 559 3764 Le
