2648 4216
419 304 425 328 ε
463 280 522 340 DE
543 279 750 341 ORATORE
793 280 826 341 11
1159 295 1195 356 14
1209 292 1242 355 58

141 446 310 522 Alexandri,
331 446 448 527 scripsit
466 446 630 522 historiam,
646 447 722 508 etis
742 446 866 526 quidem
883 447 1032 511 rhetorico
1051 467 1148 527 paene

141 564 242 621 more;
262 544 313 606 ille
326 557 428 606 autem
443 544 577 624 superior
590 544 705 606 leniore
719 547 853 624 quodam
868 565 945 606 sono
960 558 1006 607 est
1021 565 1100 619 usus,
1117 557 1148 607 et

140 641 192 719 qui
206 641 291 703 illum
310 642 456 721 impetum
476 643 600 704 oratoris
617 663 680 706 non
700 645 819 717 habeat,
842 644 1005 705 vehemens
1022 647 1148 706 sortasse

140 739 247 814 minus,
270 742 326 802 sed
346 741 503 820 aliquanto
523 752 626 802 tamen
647 753 701 816 est,
724 753 757 802 ut
778 741 852 802 mihi
874 741 997 820 quidem
1019 743 1146 818 videtur,

113 837 264 899 5dulci0r.
309 837 456 899 Minimus
469 848 543 899 natu
556 840 665 900 horum
679 839 816 900 omnium
831 839 982 914 Timaeus,
1000 852 1146 918 quantum

139 947 242 997 autem
256 935 389 998 iudicare
402 955 536 1015 possum,
551 938 641 1014 longe
661 936 880 998 eruditissimus
901 950 932 999 et
946 958 1043 998 rerum
1058 938 1147 1018 copia

140 1043 171 1094 et
198 1033 413 1095 sententiarum
443 1033 584 1096 varietate
611 1034 889 1096 abundantissimus
915 1047 947 1097 et
975 1036 1039 1114 ipsa
1066 1056 1147 1097 com-

139 1130 290 1209 positione
316 1131 476 1193 verborum
504 1151 567 1191 non
591 1131 746 1209 impolitus
774 1153 914 1211 magnam
941 1133 1145 1211 eloquentiam

139 1228 180 1289 ad
194 1227 388 1289 scribendum
402 1227 510 1303 attulit,
526 1230 581 1290 sed
598 1231 715 1289 nullum
737 1250 826 1291 usum
845 1233 1015 1292 forensem!
1057 1233 1145 1292 Haec
1160 1244 1193 1295 59

97 1343 210 1388 iocum
238 1324 290 1385 ille
317 1324 448 1399 dixisset,
481 1325 574 1402 ‘quid
602 1328 667 1399 est’
689 1325 787 1404 inquit
814 1329 980 1390 ‘Catulei'
1015 1329 1147 1403 Caesar;

141 1421 213 1482 ‘ubi
240 1433 318 1496 sunt,
347 1422 400 1501 qui
431 1423 602 1484 Antonium
635 1425 751 1485 Graece
782 1437 893 1502 negant
924 1425 1021 1487 scire?
1063 1428 1147 1501 Quot

137 1518 295 1581 historicos
309 1520 494 1581 nominavit!
530 1523 631 1598 Quam
646 1521 781 1594 scienter,
792 1542 883 1600 quam
898 1524 1017 1603 proprie
1031 1525 1070 1586 de
1083 1544 1147 1585 uno

136 1637 259 1696 quoque
276 1617 351 1679 dixit
362 1621 387 1678 l’
418 1620 475 1680 ‘Id
492 1639 541 1680 me
560 1621 700 1681 hercule’
718 1619 816 1698 inquit
834 1622 959 1683 Catulus
977 1622 1146 1684 ‘admirans

136 1713 212 1776 illud
235 1715 297 1776 iam
319 1715 420 1776 mirari
440 1716 555 1790 desino,
577 1719 663 1795 quod
683 1719 780 1778 multo
801 1717 894 1796 magis
915 1729 986 1778 ante
1006 1718 1143 1793 mirabar,

94 1813 308 1887 15hunccum
318 1814 395 1874 haec
405 1814 542 1887 nesciret,
555 1813 588 1874 in
598 1814 730 1875 dicendo
739 1834 828 1893 posse
842 1817 978 1876 tantum’
1022 1817 1143 1895 ‘Atqui

137 1910 263 1983 Catule’
287 1909 386 1989 inquit
406 1911 558 1973 Antonius
581 1916 662 1972 ‘non
683 1931 741 1989 ego
765 1910 923 1973 utilitatem
947 1911 1080 1990 aliquam
1104 1915 1144 1975 ad

137 2007 302 2069 dicendum
320 2028 476 2087 aucupans
495 2011 604 2070 horum
625 2008 718 2069 libros
738 2018 769 2070 et
790 2029 853 2070 non
870 2011 969 2071 nullos
989 2011 1071 2083 alios,
1088 2012 1143 2072 sed

136 2104 345 2166 delectationis
358 2124 457 2179 causa,
470 2125 540 2166 cum
555 2117 601 2166 est
614 2105 718 2178 otium,
729 2107 827 2184 legere
842 2108 933 2168 soleo.
978 2107 1060 2182 Quid
1072 2127 1143 2186 ergo
1158 2117 1191 2168 60

136 2206 201 2264 est?
249 2206 312 2278 Est,
330 2204 454 2276 fatebor,
477 2202 592 2281 aliquid
611 2214 712 2265 tamen
722 2224 731 2279 ;
755 2215 797 2278 ut,
818 2224 887 2264 cum
909 2204 941 2264 in
960 2207 1023 2266 sole
1042 2206 1145 2266 ambu-

92 2326 124 2362 ιο
137 2301 206 2375 lem,
224 2300 315 2362 etiam
336 2299 361 2361 si
382 2320 440 2378 ego
459 2299 549 2360 aliam
570 2301 611 2361 ob
633 2320 755 2361 causam
775 2302 937 2375 ambulem,
956 2301 1019 2362 fieri
1040 2314 1146 2363 natura

137 2409 247 2473 tamen,
263 2408 297 2458 ut
317 2399 441 2471 colorer,
457 2396 509 2472 sic,
525 2417 595 2458 cum
614 2397 688 2458 istos
709 2397 801 2459 libros
820 2400 859 2459 ad
880 2399 1145 2461 Misenum—nam

138 2497 256 2556 Romae
280 2493 330 2555 vix
351 2494 627 2556 licet-studiosius
648 2493 780 2572 legerim,
803 2493 900 2556 sentio
923 2495 1041 2556 illorum
1064 2507 1145 2556 tactu

137 2591 304 2654 orationem
324 2612 424 2653 meam
445 2591 531 2670 quasi
552 2591 685 2653 colorari.
729 2594 791 2654 Sed
811 2613 850 2653 ne
871 2593 959 2654 latius
980 2595 1039 2654 hoc
1059 2593 1145 2655 vobis

137 2701 237 2767 patere
260 2688 404 2763 videatur,
427 2690 502 2750 haec
523 2690 679 2750 dumtaxat
699 2689 730 2749 in
752 2688 875 2750 Graecis
895 2689 1044 2768 intelleg0,
1067 2711 1145 2769 quae

92 2814 105 2848 r
109 2813 123 2862 5
137 2786 202 2865 ipsi,
213 2786 265 2864 qui
274 2786 463 2865 scripserunt,
474 2789 631 2848 voluerunt
641 2789 730 2865 vulgo
742 2786 885 2865 intellegi:
907 2787 938 2848 in
948 2788 1144 2867 philosophos
1157 2797 1188 2848 61

137 2896 251 2945 vestros
270 2884 295 2944 si
315 2886 440 2962 quando
461 2883 563 2960 incidi,
583 2887 729 2964 deceptus
747 2885 898 2947 indicibus
919 2885 1071 2960 librorum,
1092 2887 1144 2965 qui

136 2993 207 3042 sunt
220 2984 282 3044 sere
300 2981 437 3061 inscripti
454 2984 494 3043 de
515 2982 605 3043 rebus
622 2982 702 3044 notis
721 2994 751 3043 et
770 2983 952 3058 inlustribus,
969 2985 1008 3046 de
1027 2983 1142 3058 virtute,

135 3080 175 3140 de
202 3078 322 3154 iustitia,
351 3081 391 3141 de
418 3081 584 3154 honestate,
614 3081 654 3141 de
682 3083 843 3159 voluptate,
872 3081 997 3142 verbum
1024 3100 1144 3159 prorsus

136 3179 253 3237 nullum
263 3176 405 3254 intellego
415 3197 424 3251 3
440 3176 481 3238 ita
490 3188 560 3237 sunt
568 3176 701 3254 angustis
712 3189 742 3238 et
751 3176 879 3238 concisis
891 3177 1144 3256 disputationibus

91 3303 123 3352 30
136 3273 251 3353 inligati
261 3297 271 3351 ;
301 3286 406 3353 poetas
428 3274 555 3336 omnino
575 3275 661 3353 quasi
678 3275 736 3335 alia
754 3277 886 3353 quadam
907 3275 1008 3353 lingua
1026 3277 1143 3338 locutos

169 3433 201 3482 M
212 3457 233 3476 =
246 3433 301 3481 HE
396 3433 413 3481 8
430 3433 563 3495 impolitus
575 3431 613 3482 L:
633 3433 818 3496 incompositus
829 3434 862 3482 M
956 3450 986 3497 14
1003 3434 1089 3484 mirari
1103 3433 1141 3486 L:

135 3499 257 3549 admirari
276 3498 309 3546 M
392 3514 423 3561 19
440 3506 480 3548 est
504 3498 562 3547 add.
588 3498 655 3548 Reid
768 3500 852 3549 fateor
869 3500 1012 3549 Lambinus
1030 3515 1087 3548 mm
1105 3498 1142 3548 ΙΞι

135 3580 168 3612 aa
186 3571 255 3614 tactu
283 3563 316 3612 M
322 3581 328 3612 r
356 3572 433 3614 cantu
457 3581 485 3613 m
638 3577 670 3625 25
687 3564 863 3629 scrip[serunt
882 3565 942 3614 redit
959 3565 984 3613 A
1009 3581 1067 3614 cum
1089 3565 1143 3614 amb

136 3632 169 3678 ⁸6
184 3631 229 3691 qui
245 3636 309 3679 sunt
325 3645 369 3679 m:
391 3645 458 3692 quos
471 3628 517 3678 A:
539 3631 606 3691 quos
619 3627 687 3695 H¹E
695 3646 701 3679 ε
724 3631 793 3691 quod
808 3636 870 3678 sunt
883 3628 906 3677 L
921 3632 989 3694 vulga
1108 3645 1142 3693 ²9

136 3695 249 3745 concisis
259 3694 282 3743 L
293 3695 361 3759 vulg.
372 3712 379 3744 a
400 3695 486 3757 longis
499 3695 556 3743 Mm
