2648 4216
482 257 525 317 M.
548 257 676 316 TVLLI
699 257 931 319 CICERONIS

202 421 260 485 nisi
274 425 357 502 quod
372 436 404 485 tu
418 423 576 503 scripseris,
590 443 695 484 omnes
709 425 749 483 ad
764 434 793 483 te
808 422 887 484 cives
901 443 972 484 cum
986 424 1096 485 tabulis
1108 423 1208 486 venie-

202 542 277 594 mus,
300 521 436 583 omnium
458 532 636 582 testamenta
657 531 689 580 tu
709 519 821 581 scribes
845 541 931 581 unus.
976 522 1059 597 Quid
1081 522 1207 600 igitur?’

201 617 324 697 inquam
351 620 491 697 ‘quando
513 639 583 696 ages
605 617 759 696 negotium
784 618 963 696 publicum?
991 622 1115 697 quando
1134 619 1207 679 ami-

201 719 328 777 corum?
347 719 470 794 quando
482 718 589 776 tuum?
609 717 733 794 quando
746 715 879 794 denique
893 716 968 775 nihil
982 719 1090 793 agesi'
1124 720 1206 777 Tum

200 812 275 874 illud
296 813 400 875 addidi
424 813 516 874 ‘mihi
538 813 619 875 enim
643 813 719 874 liber
740 833 806 874 esse
830 833 894 874 non
918 813 1043 887 videtur,
1068 814 1120 892 qui
1142 836 1234 886 non5

200 911 363 989 aliquando
382 911 457 972 nihil
477 911 556 989 agit’
598 913 636 971 In
655 931 716 988 qua
733 931 905 990 permaneo,
923 912 1038 984 Catule,
1057 911 1207 972 sententia

200 1029 317 1087 meque,
334 1029 404 1070 cum
423 1011 483 1070 buc
500 1008 576 1081 veni,
592 1010 652 1068 hoc
670 1007 769 1086 ipsum
789 1006 864 1068 nihil
882 1028 969 1086 agere
989 1021 1019 1070 et
1037 1011 1126 1087 plane
1145 1030 1207 1069 ces·

156 1126 186 1177 25
201 1126 264 1167 sare
283 1108 421 1168 delectat.
465 1109 553 1179 Nam,
569 1106 653 1183 quod
671 1105 816 1166 addidisti
836 1105 965 1179 tertium,
981 1127 1035 1167 vos
1056 1127 1121 1168 esse
1141 1128 1203 1180 eos,

199 1203 252 1281 qui
273 1203 364 1264 vitam
384 1203 540 1265 insuavem
561 1203 625 1264 sine
646 1201 693 1263 his
714 1202 821 1264 studiis
842 1203 992 1281 putaretis,
1016 1204 1047 1264 id
1070 1224 1119 1264 me
1141 1224 1204 1265 non

199 1304 292 1363 modo
316 1323 378 1364 non
403 1305 536 1363 hortatur
559 1303 599 1363 ad
623 1301 848 1380 disputandum,
875 1304 929 1363 sed
953 1302 1044 1364 etiam
1065 1305 1201 1364 deterret
1220 1324 1251 1360 ιο

198 1401 279 1460 Nam
301 1411 335 1460 ut
359 1401 394 1462 C.
418 1399 559 1473 Lucilius,
583 1402 676 1460 homo
701 1401 809 1461 doctus
833 1411 864 1461 et
887 1400 1079 1478 perurbanus,
1104 1400 1204 1462 dicere

197 1498 312 1558 solebat
330 1517 373 1571 ea,
389 1518 467 1576 quae
484 1497 625 1559 scriberet
643 1517 743 1575 neque
762 1518 794 1559 se
812 1499 852 1558 ab
871 1497 1085 1558 indoctissimis
1103 1518 1203 1575 neque

196 1614 216 1654 a
229 1593 409 1656 doctissimis
423 1594 482 1673 legi
495 1597 579 1668 velle,
595 1597 679 1673 quod
693 1594 777 1656 alteri
795 1594 871 1655 nihil
890 1595 1102 1673 intellegerent,
1118 1594 1203 1655 alteri

196 1693 264 1769 plus
285 1694 409 1753 fortasse
431 1712 523 1770 quam
543 1692 626 1770 ipse3
650 1695 690 1754 de
712 1712 774 1770 quo
796 1692 886 1753 etiam
908 1691 1025 1770 scripsit
1050 1692 1202 1753 ‘Persium

196 1808 259 1849 non
274 1809 346 1850 curo
365 1789 572 1868 legere'-hic
590 1789 646 1850 fuit
664 1790 754 1862 enim,
770 1801 804 1849 ut
821 1810 971 1862 notamus,
987 1790 1123 1851 omniurn
1141 1793 1202 1851 fere
1219 1816 1247 1866 15

195 1897 365 1947 nostrorum
400 1886 558 1948 hominum
599 1887 988 1948 doctissimus-‘Laelium
1030 1890 1201 1949 Decumum

194 1987 282 2058 volo,’
301 2005 392 2062 quem
410 1985 605 2063 cognovimus
621 1985 717 2046 virum
735 1988 850 2047 bonurn
868 1998 898 2047 et
916 2007 979 2048 non
996 1986 1198 2060 inlitteratum,

195 2084 250 2144 sed
264 2082 338 2142 nihil
352 2084 392 2144 ad
407 2082 560 2157 Persium3
581 2083 624 2144 sic
641 2104 705 2161 ego,
722 2084 747 2144 si
761 2084 821 2144 iam
839 2083 913 2143 mihi
932 2083 1148 2162 disputandum
1162 2084 1201 2145 sit

195 2181 235 2240 de
259 2179 305 2240 his
329 2179 438 2241 nostris
463 2179 577 2253 studiis,
598 2181 692 2242 nolim
717 2181 860 2259 equidem
884 2183 966 2259 apud
985 2181 1119 2256 rusticos,
1146 2183 1200 2242 scd

195 2279 291 2338 multo
309 2277 408 2338 minus
426 2279 508 2356 apud
522 2298 594 2353 vos;
614 2281 694 2340 malo
708 2279 788 2340 enim
808 2299 871 2339 non
889 2279 1020 2358 intellegi
1034 2279 1200 2341 orationem
1215 2304 1247 2339 ιο

163 2365 295 2436 7meam
323 2393 414 2453 quarn
442 2375 637 2454 reprehendi!
688 2378 769 2439 Tum
804 2378 915 2439 Caesar
952 2377 1130 2455 ‘equidem'
1158 2376 1200 2436 in-

148 2441 180 2491 ²⁶
193 2471 260 2550 quit
280 2473 412 2545 ‘Catule
436 2472 495 2533 iam
516 2472 590 2533 mihi
610 2473 713 2535 videor
734 2494 859 2535 navasse
880 2494 1011 2552 operam,
1034 2475 1118 2552 quod
1139 2475 1199 2534 huc

192 2568 342 2644 venerim3
366 2590 438 2630 nam
459 2572 534 2631 haec
554 2569 619 2648 ipsa
637 2570 784 2632 recusatio
804 2570 1016 2649 disputationis
1034 2571 1198 2650 disputatio

191 2669 340 2745 quaedam
354 2667 411 2728 fuit
424 2667 498 2728 mihi
512 2666 635 2746 quidem
647 2668 839 2747 periucunda
877 2670 937 2730 Sed
948 2689 1002 2729 cur
1014 2667 1197 2747 impedimus

190 2765 366 2838 Antonium,
393 2764 478 2826 cuius
502 2764 594 2826 audio
616 2786 682 2826 esse
704 2765 804 2844 partis,
826 2777 860 2827 ut
880 2768 919 2827 de
940 2777 1004 2827 tota
1024 2765 1197 2844 eloquentia
1212 2791 1242 2844 ²5

191 2863 323 2936 disserat,
348 2881 501 2941 quemque
526 2861 585 2923 iam
610 2864 727 2924 dudum
752 2875 782 2925 et
807 2865 899 2926 Cotta
921 2874 952 2925 et
976 2863 1125 2942 Sulpicius
1149 2883 1197 2923 ex·

145 2977 177 3031 ²7
190 2963 342 3038 spectat?'
392 2963 478 3038 ‘Ego
502 2962 590 3021 vero'
614 2960 712 3039 inquit
737 2963 862 3024 Crassus
888 2966 1005 3039 ‘neque
1028 2960 1195 3022 Antonium

190 3059 314 3119 verbum
328 3060 425 3120 facere
440 3057 534 3136 patiar
549 3069 580 3119 et
598 3057 663 3137 ipse
677 3060 893 3133 obmutescam,
910 3059 968 3120 nisi
982 3058 1063 3138 prius
1076 3078 1095 3119 a
1108 3059 1195 3120 vobis

188 3152 621 3232 impetraro’—‘Quidnam?’
656 3155 755 3233 inquit
783 3158 916 3219 Catulus.
963 3159 1024 3218 ‘Ut
1052 3155 1101 3217 hic
1129 3155 1194 3217 sitis

187 3251 297 3312 bodie!
337 3255 426 3324 Tum,
452 3272 522 3313 cum
545 3251 595 3314 ille
622 3253 780 3326 dubitaret,
806 3255 890 3331 quod
917 3255 957 3315 ad
984 3256 1104 3315 fratrem
1127 3274 1193 3333 pro
1208 3279 1241 3328 30

187 3348 314 3422 miserat,
342 3351 432 3426 ‘ego’
453 3348 551 3428 inquit
574 3349 669 3410 Iulius
691 3354 763 3428 ‘pro
783 3361 912 3429 utroque
934 3353 1123 3428 respondeo:
1149 3351 1192 3412 sic

185 3445 347 3521 faciemus3
375 3457 466 3524 atque
490 3446 547 3508 ista
574 3447 699 3525 quidem
724 3447 912 3522 condicione,
936 3450 983 3510 vel
1008 3460 1042 3508 ut
1066 3450 1190 3509 verbum

219 3617 248 3651 11
268 3601 364 3651 Lucius
380 3601 412 3649 M
476 3602 568 3652 doctus
584 3618 634 3652 om.
648 3602 681 3650 M
780 3618 810 3652 ιη
828 3619 939 3665 eaquae
955 3603 1081 3654 scriberet
1095 3620 1145 3654 om.
1160 3603 1194 3651 M

187 3684 217 3732 ¹3
233 3669 307 3717 alteri
320 3667 378 3729 plus
389 3682 439 3719 om.
455 3668 504 3730 Μγ
569 3683 602 3730 23
614 3668 796 3732 disputationis
809 3685 859 3718 om.
875 3669 907 3718 M
971 3667 1190 3733 26expectantL

183 3750 217 3797 29
233 3732 418 3796 impetraboM

881 3866 898 3897 0
