2648 4216
86 258 124 332 aa
138 272 184 334 1⁵2
472 261 516 321 M.
539 261 667 322 Tuam
690 260 924 323 mcuaoum

198 438 404 506 compungunt
418 427 480 488 suis
496 426 685 489 acuminibus
704 437 735 490 et
753 430 848 488 multa
863 428 1038 506 quaerendo
1054 424 1206 503 reperiunt

198 545 261 586 non
283 526 376 586 modo
400 545 446 599 ea,
471 544 547 602 quae
571 524 631 585 iam
652 545 715 586 non
738 524 854 603 possint
875 523 933 603 ipsi
957 523 1127 596 dissolvere,
1151 522 1206 583 sed

198 621 288 683 etiam
303 622 412 699 quibus
426 632 496 684 ante
511 642 614 684 exorsa
628 633 658 684 et
671 621 771 700 potius
786 624 905 685 detexta
918 642 1013 702 prope
1027 632 1203 684 retexantur.

139 738 185 790 ¹59
200 719 261 779 Hic
276 739 331 780 nos
345 719 433 797 igitur
447 719 565 781 Stoicus
579 720 635 782 iste
653 719 728 780 nihil
746 720 875 795 adiuvat,
892 720 1044 798 quoniam,
1061 739 1151 797 quem
1166 721 1206 780 ad

199 819 324 878 modum
351 817 502 879 inveniam
531 817 605 896 quid
632 817 739 891 dicam,
769 839 832 880 non
859 820 951 880 docet
962 840 971 894 3
1005 828 1096 895 atque
1123 817 1235 889 idems

197 914 287 976 etiam
302 915 436 994 impedit,
454 918 537 994 quod
552 927 582 977 et
596 918 690 977 multa
703 916 820 995 reperit,
836 936 914 995 quae
932 927 1021 994 negat
1036 918 1097 977 ullo
1112 918 1206 977 modo

196 1032 285 1091 posse
299 1013 428 1089 dissolvi,
446 1026 476 1076 et
494 1035 589 1092 genus
608 1014 754 1076 sermonis
772 1016 868 1076 adfert
888 1034 952 1075 non
970 1013 1126 1091 liquidum,
1142 1034 1206 1075 non

196 1113 296 1171 fusum
317 1132 352 1172 ac
373 1114 533 1190 profluens,
555 1113 609 1173 sed
630 1111 714 1187 exile,
736 1111 861 1187 aridum,
878 1110 1033 1172 concisum
1054 1132 1089 1172 ac
1110 1111 1206 1172 minu·

197 1220 269 1282 tum,
293 1210 376 1287 quod
397 1209 422 1269 si
444 1209 496 1288 qui
517 1209 664 1289 probabit,
687 1209 729 1270 ita
748 1209 895 1289 probabit,
919 1221 952 1270 ut
972 1209 1082 1270 oratori
1103 1220 1205 1272 tamen

197 1317 300 1384 aptum
325 1327 388 1368 non
410 1328 475 1369 esse
496 1310 643 1383 fateatur3
670 1309 745 1369 haec
765 1306 846 1369 enim
867 1318 969 1369 nostra
989 1307 1084 1369 oratio
1108 1306 1206 1368 multi·
1223 1336 1252 1372 10

199 1404 312 1465 tudinis
326 1417 371 1466 est
388 1406 510 1467 auribus
530 1408 796 1480 accommodanda,
813 1408 853 1467 ad
866 1406 1064 1467 oblectandos
1077 1404 1204 1481 animos,

197 1504 237 1563 ad
252 1503 459 1582 impellendos,
474 1506 514 1565 ad
533 1524 569 1564 ea
587 1506 750 1582 probanda,
767 1524 844 1583 quae
865 1523 928 1564 non
944 1503 1073 1565 aurificis
1087 1516 1203 1578 statera,

137 1606 183 1658 160
198 1602 252 1661 sed
276 1601 413 1679 populari
437 1603 570 1679 quadam
591 1601 701 1662 trutina
721 1600 926 1662 examinantur
938 1622 947 1675 ς
977 1620 1039 1678 qua
1061 1621 1093 1662 re
1117 1600 1206 1662 istam

197 1708 290 1759 artem
313 1710 408 1761 totam
430 1698 617 1772 dimittimus,
644 1719 721 1776 quae
744 1698 776 1759 in
798 1697 1002 1776 excogitandis
1023 1699 1206 1778 argumentis

197 1807 281 1856 muta
295 1795 422 1857 nimium
437 1808 492 1871 est,
506 1796 538 1856 in
553 1795 722 1857 iudicandis
736 1794 863 1855 nimium
877 1797 994 1874 loquax
1038 1795 1205 1858 Critolaum
1221 1821 1250 1872 15

197 1891 296 1967 istum,
312 1914 403 1972 quem
425 1914 495 1955 cum
511 1893 649 1971 Diogene
663 1892 780 1954 venisse
796 1912 1023 1967 commemoras,
1043 1905 1118 1972 puto
1137 1897 1206 1973 plus

197 1989 268 2050 huic
290 2003 393 2053 nostro
417 1991 519 2052 studio
543 1992 686 2068 prodesse
710 1989 843 2068 potuisse
854 2011 863 2063 ;
892 2000 954 2050 erat
979 1988 1060 2050 enim
1084 1991 1124 2051 ab
1147 1991 1206 2052 isto

196 2087 364 2163 Aristotele,
387 2110 406 2150 a
427 2087 512 2149 cuius
537 2087 665 2149 inventis
686 2085 741 2147 tibi
762 2106 818 2163 ego
838 2085 943 2148 videor
962 2107 1026 2147 non
1047 2089 1136 2165 longe
1156 2089 1207 2148 ab

197 2205 299 2246 errare.
342 2189 444 2265 Atque
461 2184 538 2246 inter
558 2187 640 2245 hunc
661 2183 861 2257 Aristotelem,
882 2183 967 2244 euius
992 2195 1022 2244 et
1044 2183 1129 2244 illum
1148 2184 1206 2263 legi

197 2281 314 2357 libmm,
329 2283 361 2343 in
378 2304 439 2363 quo
460 2283 597 2362 exposuit
618 2281 741 2344 dicendi
761 2281 831 2343 artis
852 2281 987 2342 omnium
1009 2282 1203 2360 superiorum,
1220 2309 1251 2344 ιο

196 2389 227 2440 et
241 2378 315 2454 illos,
331 2380 363 2441 in
376 2381 487 2460 quibus
501 2380 565 2459 ipse
582 2401 636 2441 sua
654 2381 804 2459 quaedam
823 2381 863 2440 de
879 2381 987 2440 eadem
1000 2391 1063 2441 arte
1077 2379 1159 2453 dixit,
1174 2390 1205 2440 et

196 2478 253 2537 hos
279 2497 437 2555 germanos
466 2478 553 2540 huius
580 2478 651 2540 artis
679 2477 835 2558 magistros
859 2480 918 2540 hoc
941 2479 1015 2539 mihi
1039 2478 1135 2539 visum
1160 2488 1206 2539 est

196 2572 347 2649 interesse,
363 2578 446 2654 quod
464 2575 515 2638 ille
536 2578 642 2638 eadem
664 2576 729 2638 acie
749 2576 865 2649 mentis,
882 2597 942 2654 qua
956 2597 1054 2638 rerum
1069 2574 1204 2636 omnium

196 2670 257 2732 vim
281 2684 478 2752 naturamque
505 2673 627 2748 viderat,
657 2676 731 2736 haec
760 2695 881 2752 quoque
908 2674 1033 2752 aspexit,
1060 2695 1138 2753 quae
1164 2677 1204 2736 ad

196 2768 319 2830 dicendi
350 2782 455 2847 artem,
482 2791 573 2850 quarn
606 2772 656 2834 ille
689 2773 881 2852 despiciebat,
911 2773 1101 2852 pertinebant
1112 2795 1121 2848 ;
1161 2772 1204 2834 illi
1219 2796 1249 2847 ²5

197 2878 309 2942 autem,
330 2868 382 2947 qui
404 2872 464 2931 hoc
487 2873 585 2931 solum
611 2873 773 2932 colendum
796 2872 957 2945 ducebant,
979 2871 1150 2932 habitarunt
1172 2871 1205 2932 in

198 2965 255 3025 hac
276 2987 337 3027 una
356 2966 471 3029 ratione
491 2971 646 3030 tractanda
667 2989 730 3030 non
752 2971 858 3031 eadem
880 2969 1040 3049 prudentia
1064 2989 1124 3047 qua
1144 2968 1205 3044 ille,

137 3066 181 3117 161
198 3065 251 3124 sed
275 3085 330 3125 usu
353 3065 384 3125 in
409 3067 468 3127 hoc
492 3087 554 3128 uno
577 3087 685 3145 genere
709 3067 870 3146 studioque
893 3067 1012 3129 maiore
1056 3067 1205 3129 Carneadi

196 3180 267 3222 vero
285 3162 330 3223 vis
351 3163 533 3226 incredibilis
553 3164 604 3225 illa
624 3164 746 3226 dicendi
765 3177 795 3227 et
815 3165 940 3227 varietas
961 3186 1105 3245 perquam
1126 3176 1205 3227 esset

196 3263 330 3338 optanda
343 3261 440 3336 nobis,
450 3260 503 3340 qui
517 3264 631 3323 nullam
646 3283 790 3341 umquam
805 3263 837 3323 in
851 3263 908 3324 illis
922 3263 983 3324 suis
998 3261 1205 3342 disputationi·
1218 3284 1252 3334 30

196 3358 253 3418 bus
278 3378 340 3419 rem
365 3359 501 3421 defendit
520 3380 612 3439 quam
638 3381 700 3422 non
720 3361 860 3440 probarit,
886 3364 998 3422 nullam
1021 3360 1204 3440 oppugnavit

229 3513 262 3562 M
273 3537 293 3555 =
306 3513 401 3563 AEH'
486 3516 504 3562 6
521 3516 633 3576 neget-L
645 3516 725 3579 vulga·
739 3560 745 3570 „
813 3531 843 3578 14
861 3517 1019 3566 dimittemus
1032 3532 1077 3565 m:
1093 3516 1205 3566 dimitta-

197 3578 296 3628 musL
336 3593 338 3595 ·
401 3581 444 3636 ²16
461 3580 537 3629 simul
558 3596 615 3629 curn
634 3579 658 3628 L
724 3588 787 3643 puto
807 3597 857 3629 om.
874 3579 909 3628 -M
1018 3584 1051 3630 26
1067 3580 1204 3634 colendum

197 3645 325 3694 ducebant
337 3644 374 3693 L:
391 3645 556 3694 celebrabant
567 3646 601 3693 ΙΞι
672 3676 674 3682 ›
701 3661 731 3708 81
751 3646 949 3710 oppugnaritM
