<?xml version="1.0" encoding="UTF-8"?>
<!DOCTYPE html PUBLIC "-//W3C//DTD XHTML 1.0 Transitional//EN"
    "http://www.w3.org/TR/xhtml1/DTD/xhtml1-transitional.dtd">
<html xmlns="http://www.w3.org/1999/xhtml" xml:lang="en" lang="en">
 <head>
  <title>
</title>
<meta http-equiv="Content-Type" content="text/html;charset=utf-8" />
  <meta name='ocr-system' content='tesseract 3.04.00' />
  <meta name='ocr-capabilities' content='ocr_page ocr_carea ocr_par ocr_line ocrx_word'/>
</head>
<body>
  <div class='ocr_page' id='page_1' title='image "./mtvlliciceronis01wilkgoog/mtvlliciceronis01wilkgoog_0230.png"; bbox 0 0 2648 4216; ppageno 0'>
   <div class='ocr_carea' id='block_1_1' title="bbox 420 275 1230 353">
    <p class='ocr_par' dir='ltr' id='par_1_1' title="bbox 420 275 1230 353">
     <span class='ocr_line' id='line_1_1' title="bbox 420 275 1230 353; baseline -0.001 -17"><span class='ocrx_word' id='word_1_1' title='bbox 420 277 479 336; x_wconf 81' lang='lat' dir='ltr'>nu</span> <span class='ocrx_word' id='word_1_2' title='bbox 501 275 708 337; x_wconf 77' lang='lat' dir='ltr'>ormuouu</span> <span class='ocrx_word' id='word_1_3' title='bbox 750 275 801 335; x_wconf 89' lang='lat'>111</span> <span class='ocrx_word' id='word_1_4' title='bbox 1126 275 1230 353; x_wconf 68' lang='lat'><strong>36147</strong></span> 
     </span>
    </p>
   </div>
   <div class='ocr_carea' id='block_1_2' title="bbox 61 440 1176 3348">
    <p class='ocr_par' dir='ltr' id='par_1_2' title="bbox 106 440 1113 814">
     <span class='ocr_line' id='line_1_2' title="bbox 106 440 1111 522; baseline 0.002 -20"><span class='ocrx_word' id='word_1_5' title='bbox 106 440 168 504; x_wconf 86' lang='lat' dir='ltr'>iam</span> <span class='ocrx_word' id='word_1_6' title='bbox 184 443 319 504; x_wconf 86' lang='lat' dir='ltr'>defessus</span> <span class='ocrx_word' id='word_1_7' title='bbox 338 454 369 505; x_wconf 91' lang='lat' dir='ltr'>et</span> <span class='ocrx_word' id='word_1_8' title='bbox 389 441 414 503; x_wconf 95' lang='lat' dir='ltr'>si</span> <span class='ocrx_word' id='word_1_9' title='bbox 437 442 492 504; x_wconf 94' lang='lat' dir='ltr'>tibi</span> <span class='ocrx_word' id='word_1_10' title='bbox 511 462 573 505; x_wconf 91' lang='lat' dir='ltr'>non</span> <span class='ocrx_word' id='word_1_11' title='bbox 594 462 697 522; x_wconf 84' lang='lat' dir='ltr'>graves</span> <span class='ocrx_word' id='word_1_12' title='bbox 720 462 835 518; x_wconf 89' lang='lat' dir='ltr'>sumus,</span> <span class='ocrx_word' id='word_1_13' title='bbox 849 444 924 505; x_wconf 80' lang='lat' dir='ltr'>refer</span> <span class='ocrx_word' id='word_1_14' title='bbox 942 445 982 504; x_wconf 90' lang='lat' dir='ltr'>ad</span> <span class='ocrx_word' id='word_1_15' title='bbox 1001 442 1052 503; x_wconf 88' lang='lat' dir='ltr'>illa</span> <span class='ocrx_word' id='word_1_16' title='bbox 1072 452 1111 517; x_wconf 87' lang='lat' dir='ltr'>te,</span> 
     </span>
     <span class='ocr_line' id='line_1_3' title="bbox 107 540 1113 620; baseline -0.001 -19"><span class='ocrx_word' id='word_1_17' title='bbox 107 561 185 619; x_wconf 90' lang='lat' dir='ltr'>quae</span> <span class='ocrx_word' id='word_1_18' title='bbox 198 543 238 602; x_wconf 91' lang='lat' dir='ltr'>ad</span> <span class='ocrx_word' id='word_1_19' title='bbox 257 540 349 620; x_wconf 92' lang='lat' dir='ltr'>ipsius</span> <span class='ocrx_word' id='word_1_20' title='bbox 366 540 508 603; x_wconf 91' lang='lat' dir='ltr'>orationis</span> <span class='ocrx_word' id='word_1_21' title='bbox 527 543 648 602; x_wconf 89' lang='lat' dir='ltr'>laudem</span> <span class='ocrx_word' id='word_1_22' title='bbox 668 543 922 619; x_wconf 87' lang='lat' dir='ltr'>splendoremque</span> <span class='ocrx_word' id='word_1_23' title='bbox 944 540 1094 620; x_wconf 86' lang='lat' dir='ltr'><strong>pertinent</strong></span> <span class='ocrx_word' id='word_1_24' title='bbox 1104 561 1113 616; x_wconf 90' lang='lat'>;</span> 
     </span>
     <span class='ocr_line' id='line_1_4' title="bbox 107 638 1112 716; baseline 0 -19"><span class='ocrx_word' id='word_1_25' title='bbox 107 658 185 715; x_wconf 90' lang='lat' dir='ltr'>quae</span> <span class='ocrx_word' id='word_1_26' title='bbox 209 658 265 715; x_wconf 88' lang='lat' dir='ltr'>ego</span> <span class='ocrx_word' id='word_1_27' title='bbox 289 659 326 699; x_wconf 88' lang='lat' dir='ltr'>ex</span> <span class='ocrx_word' id='word_1_28' title='bbox 348 649 378 700; x_wconf 88' lang='lat' dir='ltr'>te</span> <span class='ocrx_word' id='word_1_29' title='bbox 400 638 504 699; x_wconf 91' lang='lat' dir='ltr'>audire</span> <span class='ocrx_word' id='word_1_30' title='bbox 525 638 614 711; x_wconf 88' lang='lat' dir='ltr'>volui,</span> <span class='ocrx_word' id='word_1_31' title='bbox 631 658 693 699; x_wconf 91' lang='lat' dir='ltr'>non</span> <span class='ocrx_word' id='word_1_32' title='bbox 718 648 751 697; x_wconf 94' lang='lat' dir='ltr'>ut</span> <span class='ocrx_word' id='word_1_33' title='bbox 775 639 964 716; x_wconf 88' lang='lat' dir='ltr'>desperarem</span> <span class='ocrx_word' id='word_1_34' title='bbox 984 657 1032 698; x_wconf 92' lang='lat' dir='ltr'>me</span> <span class='ocrx_word' id='word_1_35' title='bbox 1053 640 1112 697; x_wconf 89' lang='lat' dir='ltr'>elo-</span> 
     </span>
     <span class='ocr_line' id='line_1_5' title="bbox 107 734 1111 814; baseline 0 -20"><span class='ocrx_word' id='word_1_36' title='bbox 107 734 260 812; x_wconf 88' lang='lat' dir='ltr'>quentiam</span> <span class='ocrx_word' id='word_1_37' title='bbox 274 735 420 814; x_wconf 90' lang='lat' dir='ltr'>consequi</span> <span class='ocrx_word' id='word_1_38' title='bbox 434 756 530 814; x_wconf 89' lang='lat' dir='ltr'>posse,</span> <span class='ocrx_word' id='word_1_39' title='bbox 543 739 597 798; x_wconf 91' lang='lat' dir='ltr'>sed</span> <span class='ocrx_word' id='word_1_40' title='bbox 611 746 645 796; x_wconf 94' lang='lat' dir='ltr'>ut</span> <span class='ocrx_word' id='word_1_41' title='bbox 658 735 772 814; x_wconf 91' lang='lat' dir='ltr'>aliquid</span> <span class='ocrx_word' id='word_1_42' title='bbox 786 734 990 795; x_wconf 88' lang='lat' dir='ltr'>addiscerem’</span> <span class='ocrx_word' id='word_1_43' title='bbox 1031 736 1111 794; x_wconf 91' lang='lat' dir='ltr'>Tum</span> 
     </span>
    </p>

    <p class='ocr_par' dir='ltr' id='par_1_3' title="bbox 78 829 1114 1306">
     <span class='ocr_line' id='line_1_6' title="bbox 78 829 1112 912; baseline -0.003 -18"><span class='ocrx_word' id='word_1_44' title='bbox 78 851 91 900; x_wconf 80' lang='lat'><strong>5</strong></span> <span class='ocrx_word' id='word_1_45' title='bbox 108 833 232 894; x_wconf 86' lang='lat' dir='ltr'>Crassus</span> <span class='ocrx_word' id='word_1_46' title='bbox 254 835 456 912; x_wconf 85' lang='lat' dir='ltr'>‘pervulgatas</span> <span class='ocrx_word' id='word_1_47' title='bbox 474 853 520 894; x_wconf 88' lang='lat' dir='ltr'>res</span> <span class='ocrx_word' id='word_1_48' title='bbox 541 831 681 911; x_wconf 87' lang='lat' dir='ltr'>requiris’</span> <span class='ocrx_word' id='word_1_49' title='bbox 697 831 794 910; x_wconf 92' lang='lat' dir='ltr'>inquit</span> <span class='ocrx_word' id='word_1_50' title='bbox 813 836 857 892; x_wconf 85' lang='lat' dir='ltr'>‘et</span> <span class='ocrx_word' id='word_1_51' title='bbox 878 831 933 892; x_wconf 95' lang='lat' dir='ltr'>tibi</span> <span class='ocrx_word' id='word_1_52' title='bbox 955 851 1017 891; x_wconf 93' lang='lat' dir='ltr'>non</span> <span class='ocrx_word' id='word_1_53' title='bbox 1032 829 1112 892; x_wconf 79' lang='lat' dir='ltr'>inco</span> 
     </span>
     <span class='ocr_line' id='line_1_7' title="bbox 106 933 1113 1013; baseline 0.003 -22"><span class='ocrx_word' id='word_1_54' title='bbox 106 933 211 1010; x_wconf 85' lang='lat' dir='ltr'>gnitas,</span> <span class='ocrx_word' id='word_1_55' title='bbox 227 933 359 1012; x_wconf 89' lang='lat' dir='ltr'>Sulpici:</span> <span class='ocrx_word' id='word_1_56' title='bbox 384 934 451 1013; x_wconf 91' lang='lat' dir='ltr'>quis</span> <span class='ocrx_word' id='word_1_57' title='bbox 467 934 549 996; x_wconf 89' lang='lat' dir='ltr'>enim</span> <span class='ocrx_word' id='word_1_58' title='bbox 570 937 610 996; x_wconf 90' lang='lat' dir='ltr'>de</span> <span class='ocrx_word' id='word_1_59' title='bbox 629 933 686 996; x_wconf 93' lang='lat' dir='ltr'>isto</span> <span class='ocrx_word' id='word_1_60' title='bbox 706 954 814 1013; x_wconf 86' lang='lat' dir='ltr'>genere</span> <span class='ocrx_word' id='word_1_61' title='bbox 833 953 896 994; x_wconf 92' lang='lat' dir='ltr'>non</span> <span class='ocrx_word' id='word_1_62' title='bbox 917 933 1028 1008; x_wconf 89' lang='lat' dir='ltr'>docuit,</span> <span class='ocrx_word' id='word_1_63' title='bbox 1049 954 1113 994; x_wconf 92' lang='lat' dir='ltr'>non</span> 
     </span>
     <span class='ocr_line' id='line_1_8' title="bbox 107 1030 1112 1111; baseline 0.003 -23"><span class='ocrx_word' id='word_1_64' title='bbox 107 1030 242 1104; x_wconf 89' lang='lat' dir='ltr'><strong>instituit,</strong></span> <span class='ocrx_word' id='word_1_65' title='bbox 258 1051 322 1092; x_wconf 93' lang='lat' dir='ltr'>non</span> <span class='ocrx_word' id='word_1_66' title='bbox 338 1032 482 1111; x_wconf 91' lang='lat' dir='ltr'>scriptum</span> <span class='ocrx_word' id='word_1_67' title='bbox 502 1031 593 1094; x_wconf 90' lang='lat' dir='ltr'>etiam</span> <span class='ocrx_word' id='word_1_68' title='bbox 612 1031 755 1110; x_wconf 83' lang='lat' dir='ltr'>reliquit?</span> <span class='ocrx_word' id='word_1_69' title='bbox 796 1033 857 1093; x_wconf 91' lang='lat' dir='ltr'>Sed</span> <span class='ocrx_word' id='word_1_70' title='bbox 875 1051 976 1110; x_wconf 87' lang='lat' dir='ltr'>geram</span> <span class='ocrx_word' id='word_1_71' title='bbox 997 1051 1112 1091; x_wconf 90' lang='lat' dir='ltr'>morem</span> 
     </span>
     <span class='ocr_line' id='line_1_9' title="bbox 107 1127 1114 1208; baseline 0.001 -21"><span class='ocrx_word' id='word_1_72' title='bbox 107 1139 137 1188; x_wconf 92' lang='lat' dir='ltr'>et</span> <span class='ocrx_word' id='word_1_73' title='bbox 151 1148 187 1187; x_wconf 85' lang='lat' dir='ltr'>ea</span> <span class='ocrx_word' id='word_1_74' title='bbox 201 1129 364 1203; x_wconf 84' lang='lat' dir='ltr'><strong>dumtaxat,</strong></span> <span class='ocrx_word' id='word_1_75' title='bbox 377 1149 456 1208; x_wconf 84' lang='lat' dir='ltr'>quae</span> <span class='ocrx_word' id='word_1_76' title='bbox 470 1128 545 1190; x_wconf 93' lang='lat' dir='ltr'>mihi</span> <span class='ocrx_word' id='word_1_77' title='bbox 559 1140 631 1190; x_wconf 88' lang='lat' dir='ltr'>nota</span> <span class='ocrx_word' id='word_1_78' title='bbox 645 1140 724 1204; x_wconf 89' lang='lat' dir='ltr'>sunt,</span> <span class='ocrx_word' id='word_1_79' title='bbox 735 1128 862 1190; x_wconf 91' lang='lat' dir='ltr'>breviter</span> <span class='ocrx_word' id='word_1_80' title='bbox 876 1148 1024 1207; x_wconf 87' lang='lat' dir='ltr'>exponam</span> <span class='ocrx_word' id='word_1_81' title='bbox 1040 1127 1114 1202; x_wconf 87' lang='lat' dir='ltr'>tibi;</span> 
     </span>
     <span class='ocr_line' id='line_1_10' title="bbox 107 1226 1113 1306; baseline 0.004 -22"><span class='ocrx_word' id='word_1_82' title='bbox 107 1226 239 1286; x_wconf 90' lang='lat' dir='ltr'>censebo</span> <span class='ocrx_word' id='word_1_83' title='bbox 262 1238 364 1288; x_wconf 88' lang='lat' dir='ltr'>tamen</span> <span class='ocrx_word' id='word_1_84' title='bbox 391 1229 431 1288; x_wconf 93' lang='lat' dir='ltr'>ad</span> <span class='ocrx_word' id='word_1_85' title='bbox 455 1247 515 1302; x_wconf 89' lang='lat' dir='ltr'>eos,</span> <span class='ocrx_word' id='word_1_86' title='bbox 540 1227 593 1306; x_wconf 94' lang='lat' dir='ltr'>qui</span> <span class='ocrx_word' id='word_1_87' title='bbox 620 1240 759 1288; x_wconf 89' lang='lat' dir='ltr'>auctores</span> <span class='ocrx_word' id='word_1_88' title='bbox 787 1239 817 1288; x_wconf 90' lang='lat' dir='ltr'>et</span> <span class='ocrx_word' id='word_1_89' title='bbox 844 1226 1014 1288; x_wconf 88' lang='lat' dir='ltr'>inventores</span> <span class='ocrx_word' id='word_1_90' title='bbox 1042 1238 1113 1288; x_wconf 93' lang='lat' dir='ltr'>sunt</span> 
     </span>
    </p>

    <p class='ocr_par' dir='ltr' id='par_1_4' title="bbox 64 1323 875 1399">
     <span class='ocr_line' id='line_1_11' title="bbox 64 1323 875 1399; baseline -0.001 -13"><span class='ocrx_word' id='word_1_91' title='bbox 64 1349 94 1386; x_wconf 87' lang='grc' dir='ltr'>ιο</span> <span class='ocrx_word' id='word_1_92' title='bbox 108 1323 214 1382; x_wconf 88' lang='lat' dir='ltr'>harum</span> <span class='ocrx_word' id='word_1_93' title='bbox 234 1343 306 1384; x_wconf 84' lang='lat' dir='ltr'>sane</span> <span class='ocrx_word' id='word_1_94' title='bbox 327 1323 510 1384; x_wconf 88' lang='lat' dir='ltr'>minutarum</span> <span class='ocrx_word' id='word_1_95' title='bbox 532 1345 638 1399; x_wconf 89' lang='lat' dir='ltr'>rerum,</span> <span class='ocrx_word' id='word_1_96' title='bbox 658 1327 875 1386; x_wconf 88' lang='lat' dir='ltr'>revertendum.</span> 
     </span>
    </p>

    <p class='ocr_par' dir='ltr' id='par_1_5' title="bbox 149 1420 1176 1501">
     <span class='ocr_line' id='line_1_12' title="bbox 149 1420 1176 1501; baseline 0 -22"><span class='ocrx_word' id='word_1_97' title='bbox 149 1420 256 1481; x_wconf 89' lang='lat' dir='ltr'>Omnis</span> <span class='ocrx_word' id='word_1_98' title='bbox 271 1420 359 1500; x_wconf 87' lang='lat' dir='ltr'>igitur</span> <span class='ocrx_word' id='word_1_99' title='bbox 373 1422 469 1484; x_wconf 90' lang='lat' dir='ltr'>oratio</span> <span class='ocrx_word' id='word_1_100' title='bbox 482 1422 640 1484; x_wconf 89' lang='lat' dir='ltr'>conficitur</span> <span class='ocrx_word' id='word_1_101' title='bbox 654 1443 690 1483; x_wconf 90' lang='lat' dir='ltr'>ex</span> <span class='ocrx_word' id='word_1_102' title='bbox 700 1422 798 1484; x_wconf 85' lang='lat' dir='ltr'>verbis</span> <span class='ocrx_word' id='word_1_103' title='bbox 810 1444 819 1497; x_wconf 91' lang='lat'>;</span> <span class='ocrx_word' id='word_1_104' title='bbox 839 1442 967 1501; x_wconf 92' lang='lat' dir='ltr'>quorum</span> <span class='ocrx_word' id='word_1_105' title='bbox 981 1421 1112 1501; x_wconf 90' lang='lat' dir='ltr'>primum</span> <span class='ocrx_word' id='word_1_106' title='bbox 1128 1440 1176 1493; x_wconf 81' lang='lat'>149</span> 
     </span>
    </p>

    <p class='ocr_par' dir='ltr' id='par_1_6' title="bbox 106 1515 1152 1797">
     <span class='ocr_line' id='line_1_13' title="bbox 107 1515 1112 1598; baseline 0.004 -22"><span class='ocrx_word' id='word_1_107' title='bbox 107 1517 195 1578; x_wconf 91' lang='lat' dir='ltr'>nobis</span> <span class='ocrx_word' id='word_1_108' title='bbox 209 1515 285 1580; x_wconf 92' lang='lat' dir='ltr'>ratio</span> <span class='ocrx_word' id='word_1_109' title='bbox 298 1518 472 1598; x_wconf 88' lang='lat' dir='ltr'>simpliciter</span> <span class='ocrx_word' id='word_1_110' title='bbox 486 1520 617 1581; x_wconf 89' lang='lat' dir='ltr'>videnda</span> <span class='ocrx_word' id='word_1_111' title='bbox 630 1530 686 1595; x_wconf 87' lang='lat' dir='ltr'>est,</span> <span class='ocrx_word' id='word_1_112' title='bbox 700 1519 812 1582; x_wconf 89' lang='lat' dir='ltr'>deinde</span> <span class='ocrx_word' id='word_1_113' title='bbox 826 1519 994 1582; x_wconf 90' lang='lat' dir='ltr'>coniuncte.</span> <span class='ocrx_word' id='word_1_114' title='bbox 1032 1522 1112 1580; x_wconf 84' lang='lat' dir='ltr'>Nam</span> 
     </span>
     <span class='ocr_line' id='line_1_14' title="bbox 107 1615 1152 1695; baseline 0.002 -21"><span class='ocrx_word' id='word_1_115' title='bbox 107 1625 152 1675; x_wconf 89' lang='lat' dir='ltr'>est</span> <span class='ocrx_word' id='word_1_116' title='bbox 174 1615 298 1693; x_wconf 90' lang='lat' dir='ltr'>quidam</span> <span class='ocrx_word' id='word_1_117' title='bbox 322 1628 444 1678; x_wconf 94' lang='lat' dir='ltr'>omatus</span> <span class='ocrx_word' id='word_1_118' title='bbox 468 1617 620 1692; x_wconf 89' lang='lat' dir='ltr'>orationis,</span> <span class='ocrx_word' id='word_1_119' title='bbox 643 1617 756 1695; x_wconf 85' lang='lat' dir='ltr'>quiex</span> <span class='ocrx_word' id='word_1_120' title='bbox 779 1616 903 1695; x_wconf 88' lang='lat' dir='ltr'>singulis</span> <span class='ocrx_word' id='word_1_121' title='bbox 926 1615 1024 1678; x_wconf 89' lang='lat' dir='ltr'>verbis</span> <span class='ocrx_word' id='word_1_122' title='bbox 1049 1627 1113 1691; x_wconf 82' lang='lat' dir='ltr'>est3</span> <span class='ocrx_word' id='word_1_123' title='bbox 1149 1688 1152 1692; x_wconf 15' lang='lat' dir='ltr'><em>A</em></span> 
     </span>
     <span class='ocr_line' id='line_1_15' title="bbox 106 1711 1113 1797; baseline 0.003 -26"><span class='ocrx_word' id='word_1_124' title='bbox 106 1712 192 1787; x_wconf 85' lang='lat' dir='ltr'>alius,</span> <span class='ocrx_word' id='word_1_125' title='bbox 206 1713 258 1791; x_wconf 93' lang='lat' dir='ltr'>qui</span> <span class='ocrx_word' id='word_1_126' title='bbox 272 1735 309 1775; x_wconf 87' lang='lat' dir='ltr'>ex</span> <span class='ocrx_word' id='word_1_127' title='bbox 325 1713 506 1775; x_wconf 91' lang='lat' dir='ltr'>continuatis</span> <span class='ocrx_word' id='word_1_128' title='bbox 522 1711 716 1797; x_wconf 92' lang='lat' dir='ltr'>[coniunctis]</span> <span class='ocrx_word' id='word_1_129' title='bbox 733 1725 858 1776; x_wconf 90' lang='lat' dir='ltr'>constat.</span> <span class='ocrx_word' id='word_1_130' title='bbox 902 1716 982 1792; x_wconf 87' lang='lat' dir='ltr'>Ergo</span> <span class='ocrx_word' id='word_1_131' title='bbox 1001 1713 1113 1774; x_wconf 89' lang='lat' dir='ltr'>utimur</span> 
     </span>
    </p>

    <p class='ocr_par' dir='ltr' id='par_1_7' title="bbox 62 1808 1176 2279">
     <span class='ocr_line' id='line_1_16' title="bbox 62 1808 1113 1890; baseline 0.002 -20"><span class='ocrx_word' id='word_1_132' title='bbox 62 1831 92 1882; x_wconf 80' lang='lat'>¹5</span> <span class='ocrx_word' id='word_1_133' title='bbox 107 1808 204 1869; x_wconf 91' lang='lat' dir='ltr'>verbis</span> <span class='ocrx_word' id='word_1_134' title='bbox 228 1820 280 1870; x_wconf 91' lang='lat' dir='ltr'>aut</span> <span class='ocrx_word' id='word_1_135' title='bbox 301 1810 354 1887; x_wconf 90' lang='lat' dir='ltr'>eis,</span> <span class='ocrx_word' id='word_1_136' title='bbox 375 1832 453 1890; x_wconf 90' lang='lat' dir='ltr'>quae</span> <span class='ocrx_word' id='word_1_137' title='bbox 475 1811 595 1890; x_wconf 92' lang='lat' dir='ltr'>propria</span> <span class='ocrx_word' id='word_1_138' title='bbox 616 1823 686 1873; x_wconf 91' lang='lat' dir='ltr'>sunt</span> <span class='ocrx_word' id='word_1_139' title='bbox 706 1823 737 1873; x_wconf 88' lang='lat' dir='ltr'>et</span> <span class='ocrx_word' id='word_1_140' title='bbox 758 1823 838 1873; x_wconf 89' lang='lat' dir='ltr'>certa</span> <span class='ocrx_word' id='word_1_141' title='bbox 858 1811 944 1890; x_wconf 89' lang='lat' dir='ltr'>quasi</span> <span class='ocrx_word' id='word_1_142' title='bbox 964 1811 1113 1872; x_wconf 83' lang='lat' dir='ltr'>vocabula</span> 
     </span>
     <span class='ocr_line' id='line_1_17' title="bbox 106 1906 1112 1987; baseline 0.004 -23"><span class='ocrx_word' id='word_1_143' title='bbox 106 1925 215 1981; x_wconf 88' lang='lat' dir='ltr'>rerum,</span> <span class='ocrx_word' id='word_1_144' title='bbox 228 1926 324 1984; x_wconf 90' lang='lat' dir='ltr'>paene</span> <span class='ocrx_word' id='word_1_145' title='bbox 338 1928 399 1968; x_wconf 90' lang='lat' dir='ltr'>una</span> <span class='ocrx_word' id='word_1_146' title='bbox 413 1920 484 1969; x_wconf 87' lang='lat' dir='ltr'>nata</span> <span class='ocrx_word' id='word_1_147' title='bbox 497 1929 566 1970; x_wconf 92' lang='lat' dir='ltr'>cum</span> <span class='ocrx_word' id='word_1_148' title='bbox 581 1908 670 1970; x_wconf 90' lang='lat' dir='ltr'>rebus</span> <span class='ocrx_word' id='word_1_149' title='bbox 685 1906 758 1987; x_wconf 89' lang='lat' dir='ltr'>ipsis</span> <span class='ocrx_word' id='word_1_150' title='bbox 766 1928 776 1983; x_wconf 89' lang='lat'>;</span> <span class='ocrx_word' id='word_1_151' title='bbox 796 1918 848 1969; x_wconf 92' lang='lat' dir='ltr'>aut</span> <span class='ocrx_word' id='word_1_152' title='bbox 861 1907 914 1982; x_wconf 90' lang='lat' dir='ltr'>eis,</span> <span class='ocrx_word' id='word_1_153' title='bbox 928 1927 1006 1986; x_wconf 91' lang='lat' dir='ltr'>quae</span> <span class='ocrx_word' id='word_1_154' title='bbox 1020 1917 1112 1968; x_wconf 90' lang='lat' dir='ltr'>trans-</span> 
     </span>
     <span class='ocr_line' id='line_1_18' title="bbox 106 2004 1112 2085; baseline 0.005 -23"><span class='ocrx_word' id='word_1_155' title='bbox 106 2004 241 2064; x_wconf 87' lang='lat' dir='ltr'>feruntur</span> <span class='ocrx_word' id='word_1_156' title='bbox 260 2017 291 2065; x_wconf 89' lang='lat' dir='ltr'>et</span> <span class='ocrx_word' id='word_1_157' title='bbox 305 2005 391 2083; x_wconf 89' lang='lat' dir='ltr'>quasi</span> <span class='ocrx_word' id='word_1_158' title='bbox 409 2006 510 2067; x_wconf 87' lang='lat' dir='ltr'>alieno</span> <span class='ocrx_word' id='word_1_159' title='bbox 528 2006 560 2067; x_wconf 92' lang='lat' dir='ltr'>in</span> <span class='ocrx_word' id='word_1_160' title='bbox 579 2009 648 2069; x_wconf 92' lang='lat' dir='ltr'>loco</span> <span class='ocrx_word' id='word_1_161' title='bbox 666 2004 880 2082; x_wconf 80' lang='lat' dir='ltr'>conlocantu13</span> <span class='ocrx_word' id='word_1_162' title='bbox 901 2017 953 2066; x_wconf 90' lang='lat' dir='ltr'>aut</span> <span class='ocrx_word' id='word_1_163' title='bbox 966 2005 1020 2081; x_wconf 88' lang='lat' dir='ltr'>eis,</span> <span class='ocrx_word' id='word_1_164' title='bbox 1033 2026 1112 2085; x_wconf 90' lang='lat' dir='ltr'>quae</span> 
     </span>
     <span class='ocr_line' id='line_1_19' title="bbox 107 2099 1176 2184; baseline 0.003 -25"><span class='ocrx_word' id='word_1_165' title='bbox 107 2120 253 2161; x_wconf 85' lang='lat' dir='ltr'>novamus</span> <span class='ocrx_word' id='word_1_166' title='bbox 280 2113 311 2163; x_wconf 91' lang='lat' dir='ltr'>et</span> <span class='ocrx_word' id='word_1_167' title='bbox 335 2101 460 2164; x_wconf 86' lang='lat' dir='ltr'>facimus</span> <span class='ocrx_word' id='word_1_168' title='bbox 484 2102 549 2181; x_wconf 90' lang='lat' dir='ltr'>ipsi.</span> <span class='ocrx_word' id='word_1_169' title='bbox 594 2105 631 2164; x_wconf 83' lang='lat' dir='ltr'>ln</span> <span class='ocrx_word' id='word_1_170' title='bbox 656 2103 781 2183; x_wconf 91' lang='lat' dir='ltr'>propriis</span> <span class='ocrx_word' id='word_1_171' title='bbox 804 2102 892 2182; x_wconf 87' lang='lat' dir='ltr'>igitur</span> <span class='ocrx_word' id='word_1_172' title='bbox 915 2115 961 2164; x_wconf 90' lang='lat' dir='ltr'>est</span> <span class='ocrx_word' id='word_1_173' title='bbox 987 2099 1111 2184; x_wconf 85' lang='lat' dir='ltr'>[verbis]</span> <span class='ocrx_word' id='word_1_174' title='bbox 1128 2121 1176 2172; x_wconf 83' lang='lat'>¹50</span> 
     </span>
     <span class='ocr_line' id='line_1_20' title="bbox 106 2196 1112 2279; baseline 0.002 -22"><span class='ocrx_word' id='word_1_175' title='bbox 106 2196 157 2258; x_wconf 89' lang='lat' dir='ltr'>illa</span> <span class='ocrx_word' id='word_1_176' title='bbox 184 2201 249 2258; x_wconf 88' lang='lat' dir='ltr'>laus</span> <span class='ocrx_word' id='word_1_177' title='bbox 274 2199 408 2275; x_wconf 87' lang='lat' dir='ltr'>oratoris,</span> <span class='ocrx_word' id='word_1_178' title='bbox 428 2211 462 2261; x_wconf 90' lang='lat' dir='ltr'>ut</span> <span class='ocrx_word' id='word_1_179' title='bbox 484 2201 602 2262; x_wconf 89' lang='lat' dir='ltr'>abiecta</span> <span class='ocrx_word' id='word_1_180' title='bbox 625 2213 716 2278; x_wconf 90' lang='lat' dir='ltr'>atque</span> <span class='ocrx_word' id='word_1_181' title='bbox 740 2202 877 2263; x_wconf 86' lang='lat' dir='ltr'>obsoleta</span> <span class='ocrx_word' id='word_1_182' title='bbox 900 2201 1002 2279; x_wconf 85' lang='lat' dir='ltr'>fugiat,</span> <span class='ocrx_word' id='word_1_183' title='bbox 1026 2199 1112 2262; x_wconf 91' lang='lat' dir='ltr'>lectis</span> 
     </span>
    </p>

    <p class='ocr_par' dir='ltr' id='par_1_8' title="bbox 62 2295 1172 2764">
     <span class='ocr_line' id='line_1_21' title="bbox 62 2295 1112 2377; baseline 0.004 -23"><span class='ocrx_word' id='word_1_184' title='bbox 62 2319 94 2354; x_wconf 74' lang='grc' dir='ltr'>ιο</span> <span class='ocrx_word' id='word_1_185' title='bbox 107 2305 197 2373; x_wconf 89' lang='lat' dir='ltr'>atque</span> <span class='ocrx_word' id='word_1_186' title='bbox 225 2295 398 2358; x_wconf 83' lang='lat' dir='ltr'>inlustribus</span> <span class='ocrx_word' id='word_1_187' title='bbox 426 2308 535 2372; x_wconf 90' lang='lat' dir='ltr'>utatur,</span> <span class='ocrx_word' id='word_1_188' title='bbox 560 2297 591 2357; x_wconf 92' lang='lat' dir='ltr'>in</span> <span class='ocrx_word' id='word_1_189' title='bbox 619 2296 729 2375; x_wconf 91' lang='lat' dir='ltr'>quibus</span> <span class='ocrx_word' id='word_1_190' title='bbox 757 2299 881 2377; x_wconf 92' lang='lat' dir='ltr'>plenum</span> <span class='ocrx_word' id='word_1_191' title='bbox 908 2297 1054 2376; x_wconf 91' lang='lat' dir='ltr'>quiddam</span> <span class='ocrx_word' id='word_1_192' title='bbox 1082 2308 1112 2358; x_wconf 92' lang='lat' dir='ltr'>et</span> 
     </span>
     <span class='ocr_line' id='line_1_22' title="bbox 107 2392 1112 2473; baseline 0.002 -21"><span class='ocrx_word' id='word_1_193' title='bbox 107 2413 218 2453; x_wconf 88' lang='lat' dir='ltr'>sonans</span> <span class='ocrx_word' id='word_1_194' title='bbox 237 2392 335 2455; x_wconf 87' lang='lat' dir='ltr'>inesse</span> <span class='ocrx_word' id='word_1_195' title='bbox 349 2394 492 2457; x_wconf 89' lang='lat' dir='ltr'>videatur.</span> <span class='ocrx_word' id='word_1_196' title='bbox 536 2395 597 2457; x_wconf 88' lang='lat' dir='ltr'>Sed</span> <span class='ocrx_word' id='word_1_197' title='bbox 616 2394 648 2454; x_wconf 90' lang='lat' dir='ltr'>in</span> <span class='ocrx_word' id='word_1_198' title='bbox 669 2397 729 2455; x_wconf 92' lang='lat' dir='ltr'>hoc</span> <span class='ocrx_word' id='word_1_199' title='bbox 742 2396 901 2456; x_wconf 84' lang='lat' dir='ltr'>verborum</span> <span class='ocrx_word' id='word_1_200' title='bbox 920 2414 1027 2473; x_wconf 89' lang='lat' dir='ltr'>genere</span> <span class='ocrx_word' id='word_1_201' title='bbox 1046 2415 1112 2473; x_wconf 82' lang='lat' dir='ltr'>pro</span> 
     </span>
     <span class='ocr_line' id='line_1_23' title="bbox 106 2489 1111 2569; baseline 0.002 -20"><span class='ocrx_word' id='word_1_202' title='bbox 106 2489 238 2568; x_wconf 91' lang='lat' dir='ltr'>priorum</span> <span class='ocrx_word' id='word_1_203' title='bbox 266 2491 393 2553; x_wconf 89' lang='lat' dir='ltr'>dilectus</span> <span class='ocrx_word' id='word_1_204' title='bbox 421 2504 466 2553; x_wconf 93' lang='lat' dir='ltr'>est</span> <span class='ocrx_word' id='word_1_205' title='bbox 493 2492 652 2553; x_wconf 87' lang='lat' dir='ltr'>habendus</span> <span class='ocrx_word' id='word_1_206' title='bbox 679 2490 803 2568; x_wconf 90' lang='lat' dir='ltr'>quidam</span> <span class='ocrx_word' id='word_1_207' title='bbox 830 2501 921 2569; x_wconf 87' lang='lat' dir='ltr'>atque</span> <span class='ocrx_word' id='word_1_208' title='bbox 945 2491 970 2551; x_wconf 92' lang='lat' dir='ltr'>is</span> <span class='ocrx_word' id='word_1_209' title='bbox 994 2491 1111 2551; x_wconf 89' lang='lat' dir='ltr'>aurium</span> 
     </span>
     <span class='ocr_line' id='line_1_24' title="bbox 106 2587 1111 2668; baseline 0.001 -21"><span class='ocrx_word' id='word_1_210' title='bbox 106 2588 240 2664; x_wconf 92' lang='lat' dir='ltr'>quodam</span> <span class='ocrx_word' id='word_1_211' title='bbox 255 2587 367 2650; x_wconf 91' lang='lat' dir='ltr'>iudicio</span> <span class='ocrx_word' id='word_1_212' title='bbox 381 2591 594 2668; x_wconf 88' lang='lat' dir='ltr'>ponderandus</span> <span class='ocrx_word' id='word_1_213' title='bbox 609 2599 673 2663; x_wconf 78' lang='lat' dir='ltr'>est3</span> <span class='ocrx_word' id='word_1_214' title='bbox 692 2588 725 2648; x_wconf 94' lang='lat' dir='ltr'>in</span> <span class='ocrx_word' id='word_1_215' title='bbox 739 2608 800 2666; x_wconf 94' lang='lat' dir='ltr'>quo</span> <span class='ocrx_word' id='word_1_216' title='bbox 814 2589 1003 2650; x_wconf 90' lang='lat' dir='ltr'>consuetudo</span> <span class='ocrx_word' id='word_1_217' title='bbox 1020 2587 1111 2650; x_wconf 89' lang='lat' dir='ltr'>etiam</span> 
     </span>
     <span class='ocr_line' id='line_1_25' title="bbox 107 2683 1172 2764; baseline 0.006 -21"><span class='ocrx_word' id='word_1_218' title='bbox 107 2683 186 2744; x_wconf 92' lang='lat' dir='ltr'>bene</span> <span class='ocrx_word' id='word_1_219' title='bbox 206 2685 351 2761; x_wconf 90' lang='lat' dir='ltr'>loquendi</span> <span class='ocrx_word' id='word_1_220' title='bbox 371 2688 449 2747; x_wconf 90' lang='lat' dir='ltr'>valet</span> <span class='ocrx_word' id='word_1_221' title='bbox 472 2685 643 2764; x_wconf 89' lang='lat' dir='ltr'>plurimum.</span> <span class='ocrx_word' id='word_1_222' title='bbox 696 2686 803 2762; x_wconf 91' lang='lat' dir='ltr'>Itaque</span> <span class='ocrx_word' id='word_1_223' title='bbox 827 2686 897 2760; x_wconf 90' lang='lat' dir='ltr'>hoc,</span> <span class='ocrx_word' id='word_1_224' title='bbox 917 2687 1001 2763; x_wconf 92' lang='lat' dir='ltr'>quod</span> <span class='ocrx_word' id='word_1_225' title='bbox 1022 2686 1112 2762; x_wconf 89' lang='lat' dir='ltr'>vulgo</span> <span class='ocrx_word' id='word_1_226' title='bbox 1129 2698 1172 2749; x_wconf 74' lang='grc' dir='ltr'>15ι</span> 
     </span>
    </p>

    <p class='ocr_par' dir='ltr' id='par_1_9' title="bbox 63 2781 1113 3251">
     <span class='ocr_line' id='line_1_26' title="bbox 63 2781 1113 2860; baseline 0.003 -21"><span class='ocrx_word' id='word_1_227' title='bbox 63 2803 93 2852; x_wconf 81' lang='lat'>²5</span> <span class='ocrx_word' id='word_1_228' title='bbox 108 2781 147 2840; x_wconf 90' lang='lat' dir='ltr'>de</span> <span class='ocrx_word' id='word_1_229' title='bbox 162 2781 328 2842; x_wconf 86' lang='lat' dir='ltr'>oratoribus</span> <span class='ocrx_word' id='word_1_230' title='bbox 346 2782 385 2842; x_wconf 92' lang='lat' dir='ltr'>ab</span> <span class='ocrx_word' id='word_1_231' title='bbox 404 2781 549 2860; x_wconf 90' lang='lat' dir='ltr'>imperitis</span> <span class='ocrx_word' id='word_1_232' title='bbox 567 2781 634 2843; x_wconf 89' lang='lat' dir='ltr'>dici</span> <span class='ocrx_word' id='word_1_233' title='bbox 647 2784 724 2842; x_wconf 91' lang='lat' dir='ltr'>solet</span> <span class='ocrx_word' id='word_1_234' title='bbox 738 2781 848 2842; x_wconf 88' lang='lat' dir='ltr'>‘bonis</span> <span class='ocrx_word' id='word_1_235' title='bbox 867 2781 916 2843; x_wconf 92' lang='lat' dir='ltr'>hic</span> <span class='ocrx_word' id='word_1_236' title='bbox 930 2781 1046 2856; x_wconf 90' lang='lat' dir='ltr'>verbis,&#39;</span> <span class='ocrx_word' id='word_1_237' title='bbox 1060 2791 1113 2842; x_wconf 90' lang='lat' dir='ltr'>aut</span> 
     </span>
     <span class='ocr_line' id='line_1_27' title="bbox 108 2876 1112 2957; baseline 0.003 -21"><span class='ocrx_word' id='word_1_238' title='bbox 108 2876 233 2954; x_wconf 89' lang='lat' dir='ltr'>‘aliquis</span> <span class='ocrx_word' id='word_1_239' title='bbox 253 2899 314 2938; x_wconf 93' lang='lat' dir='ltr'>non</span> <span class='ocrx_word' id='word_1_240' title='bbox 333 2878 422 2939; x_wconf 92' lang='lat' dir='ltr'>bonis</span> <span class='ocrx_word' id='word_1_241' title='bbox 439 2879 548 2954; x_wconf 85' lang='lat' dir='ltr'>utitur‚’</span> <span class='ocrx_word' id='word_1_242' title='bbox 562 2899 625 2940; x_wconf 90' lang='lat' dir='ltr'>non</span> <span class='ocrx_word' id='word_1_243' title='bbox 644 2891 706 2939; x_wconf 91' lang='lat' dir='ltr'>arte</span> <span class='ocrx_word' id='word_1_244' title='bbox 725 2878 826 2957; x_wconf 84' lang='lat' dir='ltr'>aliqua</span> <span class='ocrx_word' id='word_1_245' title='bbox 840 2878 1041 2957; x_wconf 90' lang='lat' dir='ltr'>perpenditur,</span> <span class='ocrx_word' id='word_1_246' title='bbox 1057 2880 1112 2939; x_wconf 90' lang='lat' dir='ltr'>sed</span> 
     </span>
     <span class='ocr_line' id='line_1_28' title="bbox 107 2975 1112 3054; baseline 0.003 -19"><span class='ocrx_word' id='word_1_247' title='bbox 107 2977 239 3053; x_wconf 90' lang='lat' dir='ltr'>quodam</span> <span class='ocrx_word' id='word_1_248' title='bbox 255 2975 341 3052; x_wconf 90' lang='lat' dir='ltr'>quasi</span> <span class='ocrx_word' id='word_1_249' title='bbox 355 2976 481 3036; x_wconf 88' lang='lat' dir='ltr'>naturali</span> <span class='ocrx_word' id='word_1_250' title='bbox 498 2997 589 3038; x_wconf 90' lang='lat' dir='ltr'>sensu</span> <span class='ocrx_word' id='word_1_251' title='bbox 607 2976 773 3038; x_wconf 88' lang='lat' dir='ltr'>iudicatur:</span> <span class='ocrx_word' id='word_1_252' title='bbox 795 2976 903 3054; x_wconf 93' lang='lat' dir='ltr'>inquo</span> <span class='ocrx_word' id='word_1_253' title='bbox 921 2996 984 3038; x_wconf 91' lang='lat' dir='ltr'>non</span> <span class='ocrx_word' id='word_1_254' title='bbox 1003 2996 1112 3054; x_wconf 85' lang='lat' dir='ltr'>magna</span> 
     </span>
     <span class='ocr_line' id='line_1_29' title="bbox 106 3072 1111 3152; baseline 0.002 -20"><span class='ocrx_word' id='word_1_255' title='bbox 106 3075 170 3133; x_wconf 91' lang='lat' dir='ltr'>laus</span> <span class='ocrx_word' id='word_1_256' title='bbox 199 3084 243 3133; x_wconf 93' lang='lat' dir='ltr'>est</span> <span class='ocrx_word' id='word_1_257' title='bbox 270 3072 363 3134; x_wconf 89' lang='lat' dir='ltr'>vitare</span> <span class='ocrx_word' id='word_1_258' title='bbox 390 3073 503 3147; x_wconf 86' lang='lat' dir='ltr'>vitium,</span> <span class='ocrx_word' id='word_1_259' title='bbox 532 3094 716 3152; x_wconf 83' lang='lat' dir='ltr'>quamquam</span> <span class='ocrx_word' id='word_1_260' title='bbox 749 3085 795 3135; x_wconf 90' lang='lat' dir='ltr'>est</span> <span class='ocrx_word' id='word_1_261' title='bbox 827 3093 980 3151; x_wconf 87' lang='lat' dir='ltr'>magnum,</span> <span class='ocrx_word' id='word_1_262' title='bbox 1007 3093 1111 3134; x_wconf 90' lang='lat' dir='ltr'>verum</span> 
     </span>
     <span class='ocr_line' id='line_1_30' title="bbox 106 3170 1108 3251; baseline 0 -21"><span class='ocrx_word' id='word_1_263' title='bbox 106 3181 208 3232; x_wconf 88' lang='lat' dir='ltr'>tamen</span> <span class='ocrx_word' id='word_1_264' title='bbox 230 3174 289 3233; x_wconf 92' lang='lat' dir='ltr'>hoc</span> <span class='ocrx_word' id='word_1_265' title='bbox 303 3170 389 3249; x_wconf 89' lang='lat' dir='ltr'>quasi</span> <span class='ocrx_word' id='word_1_266' title='bbox 407 3174 506 3233; x_wconf 90' lang='lat' dir='ltr'>solum</span> <span class='ocrx_word' id='word_1_267' title='bbox 520 3173 675 3250; x_wconf 90' lang='lat' dir='ltr'>quoddam</span> <span class='ocrx_word' id='word_1_268' title='bbox 694 3183 785 3251; x_wconf 88' lang='lat' dir='ltr'>atque</span> <span class='ocrx_word' id='word_1_269' title='bbox 805 3173 1036 3232; x_wconf 88' lang='lat' dir='ltr'>fundamentum</span> <span class='ocrx_word' id='word_1_270' title='bbox 1055 3182 1108 3245; x_wconf 89' lang='lat' dir='ltr'>est,</span> 
     </span>
    </p>

    <p class='ocr_par' dir='ltr' id='par_1_10' title="bbox 61 3268 1172 3348">
     <span class='ocr_line' id='line_1_31' title="bbox 61 3268 1172 3348; baseline 0.001 -20"><span class='ocrx_word' id='word_1_271' title='bbox 61 3286 94 3336; x_wconf 77' lang='lat'>30</span> <span class='ocrx_word' id='word_1_272' title='bbox 106 3269 264 3330; x_wconf 87' lang='lat' dir='ltr'>verborum</span> <span class='ocrx_word' id='word_1_273' title='bbox 280 3289 351 3329; x_wconf 93' lang='lat' dir='ltr'>usus</span> <span class='ocrx_word' id='word_1_274' title='bbox 366 3280 396 3330; x_wconf 94' lang='lat' dir='ltr'>et</span> <span class='ocrx_word' id='word_1_275' title='bbox 414 3269 502 3348; x_wconf 90' lang='lat' dir='ltr'>copia</span> <span class='ocrx_word' id='word_1_276' title='bbox 519 3269 678 3330; x_wconf 88' lang='lat' dir='ltr'>bonorum.</span> <span class='ocrx_word' id='word_1_277' title='bbox 721 3270 782 3329; x_wconf 90' lang='lat' dir='ltr'>Sed</span> <span class='ocrx_word' id='word_1_278' title='bbox 796 3268 870 3347; x_wconf 89' lang='lat' dir='ltr'>quid</span> <span class='ocrx_word' id='word_1_279' title='bbox 889 3268 954 3346; x_wconf 90' lang='lat' dir='ltr'>ipse</span> <span class='ocrx_word' id='word_1_280' title='bbox 972 3268 1110 3329; x_wconf 87' lang='lat' dir='ltr'>aedificet</span> <span class='ocrx_word' id='word_1_281' title='bbox 1126 3283 1172 3335; x_wconf 79' lang='lat'>¹5²</span> 
     </span>
    </p>
   </div>
   <div class='ocr_carea' id='block_1_3' title="bbox 1125 703 1176 832">
    <p class='ocr_par' dir='ltr' id='par_1_11' title="bbox 1125 703 1176 832">
     <span class='ocr_line' id='line_1_32' title="bbox 1125 703 1164 764; baseline 0.026 -1"><span class='ocrx_word' id='word_1_282' title='bbox 1125 703 1164 764; x_wconf 87' lang='grc'>37</span> 
     </span>
     <span class='ocr_line' id='line_1_33' title="bbox 1160 782 1176 832; baseline 0 0"><span class='ocrx_word' id='word_1_283' title='bbox 1160 782 1176 832; x_wconf 89' lang='grc'><strong>8</strong></span> 
     </span>
    </p>
   </div>
   <div class='ocr_carea' id='block_1_4' title="bbox 1128 795 1159 845">
    <p class='ocr_par' dir='ltr' id='par_1_12' title="bbox 1128 795 1159 845">
     <span class='ocr_line' id='line_1_34' title="bbox 1128 795 1159 845; baseline 0 0"><span class='ocrx_word' id='word_1_284' title='bbox 1128 795 1159 845; x_wconf 86' lang='lat'>¹4</span> 
     </span>
    </p>
   </div>
   <div class='ocr_carea' id='block_1_5' title="bbox 105 3423 1114 3750">
    <p class='ocr_par' dir='ltr' id='par_1_13' title="bbox 105 3423 1114 3750">
     <span class='ocr_line' id='line_1_35' title="bbox 140 3423 1111 3488; baseline 0 -16"><span class='ocrx_word' id='word_1_285' title='bbox 140 3423 172 3471; x_wconf 89' lang='lat' dir='ltr'><em>M</em></span> <span class='ocrx_word' id='word_1_286' title='bbox 182 3423 302 3473; x_wconf 87' lang='lat' dir='ltr'><em>=AEH</em></span> <span class='ocrx_word' id='word_1_287' title='bbox 410 3439 437 3473; x_wconf 93' lang='grc' dir='ltr'>ιι</span> <span class='ocrx_word' id='word_1_288' title='bbox 456 3423 526 3473; x_wconf 86' lang='lat' dir='ltr'>InA</span> <span class='ocrx_word' id='word_1_289' title='bbox 539 3423 780 3474; x_wconf 75' lang='lat' dir='ltr'>alteminEncens</span> <span class='ocrx_word' id='word_1_290' title='bbox 791 3425 982 3488; x_wconf 75' lang='lat' dir='ltr'>manusr&#39;nn&#39;pr&#39;t</span> <span class='ocrx_word' id='word_1_291' title='bbox 1080 3438 1111 3486; x_wconf 84' lang='lat'>14</span> 
     </span>
     <span class='ocr_line' id='line_1_36' title="bbox 106 3488 1112 3552; baseline 0.002 -16"><span class='ocrx_word' id='word_1_292' title='bbox 106 3504 141 3536; x_wconf 86' lang='lat' dir='ltr'>ex</span> <span class='ocrx_word' id='word_1_293' title='bbox 157 3489 270 3538; x_wconf 85' lang='lat' dir='ltr'>tenuatis</span> <span class='ocrx_word' id='word_1_294' title='bbox 284 3488 339 3538; x_wconf 83' lang='lat' dir='ltr'>HA</span> <span class='ocrx_word' id='word_1_295' title='bbox 351 3504 384 3550; x_wconf 78' lang='lat'>32</span> <span class='ocrx_word' id='word_1_296' title='bbox 467 3490 609 3539; x_wconf 87' lang='lat' dir='ltr'>coniunctis</span> <span class='ocrx_word' id='word_1_297' title='bbox 626 3488 659 3537; x_wconf 95' lang='lat' dir='ltr'><em>M</em></span> <span class='ocrx_word' id='word_1_298' title='bbox 668 3491 766 3538; x_wconf 80' lang='lat' dir='ltr'>seclusit</span> <span class='ocrx_word' id='word_1_299' title='bbox 778 3490 890 3552; x_wconf 86' lang='lat' dir='ltr'>Kayser:</span> <span class='ocrx_word' id='word_1_300' title='bbox 914 3489 1112 3550; x_wconf 86' lang='lat' dir='ltr'>coniunctisque</span> 
     </span>
     <span class='ocr_line' id='line_1_37' title="bbox 106 3553 1113 3618; baseline 0.001 -17"><span class='ocrx_word' id='word_1_301' title='bbox 106 3553 209 3616; x_wconf 82' lang='lat' dir='ltr'><em>Lvulg.</em></span> <span class='ocrx_word' id='word_1_302' title='bbox 276 3555 371 3604; x_wconf 89' lang='lat' dir='ltr'>utimur</span> <span class='ocrx_word' id='word_1_303' title='bbox 386 3553 452 3618; x_wconf 60' lang='lat' dir='ltr'>My:</span> <span class='ocrx_word' id='word_1_304' title='bbox 470 3554 686 3618; x_wconf 84' lang='lat' dir='ltr'>utemuerng.</span> <span class='ocrx_word' id='word_1_305' title='bbox 764 3557 794 3604; x_wconf 76' lang='grc' dir='ltr'>ιθ</span> <span class='ocrx_word' id='word_1_306' title='bbox 810 3554 895 3604; x_wconf 83' lang='lat' dir='ltr'>verbis</span> <span class='ocrx_word' id='word_1_307' title='bbox 913 3571 963 3603; x_wconf 89' lang='lat' dir='ltr'>om.</span> <span class='ocrx_word' id='word_1_308' title='bbox 977 3553 1010 3601; x_wconf 89' lang='lat' dir='ltr'><em>M</em></span> <span class='ocrx_word' id='word_1_309' title='bbox 1082 3569 1113 3616; x_wconf 88' lang='lat'>19</span> 
     </span>
     <span class='ocr_line' id='line_1_38' title="bbox 107 3618 1114 3682; baseline 0.001 -16"><span class='ocrx_word' id='word_1_310' title='bbox 107 3627 184 3679; x_wconf 85' lang='lat' dir='ltr'>atque</span> <span class='ocrx_word' id='word_1_311' title='bbox 196 3621 249 3668; x_wconf 89' lang='lat' dir='ltr'>obs.</span> <span class='ocrx_word' id='word_1_312' title='bbox 264 3618 300 3667; x_wconf 69' lang='lat' dir='ltr'>Le</span> <span class='ocrx_word' id='word_1_313' title='bbox 312 3620 379 3682; x_wconf 85' lang='lat' dir='ltr'><em>vulg.</em></span> <span class='ocrx_word' id='word_1_314' title='bbox 392 3636 398 3667; x_wconf 82' lang='grc' dir='ltr'>ι</span> <span class='ocrx_word' id='word_1_315' title='bbox 415 3627 443 3668; x_wconf 90' lang='lat' dir='ltr'>et</span> <span class='ocrx_word' id='word_1_316' title='bbox 453 3621 507 3670; x_wconf 85' lang='lat' dir='ltr'>obs.</span> <span class='ocrx_word' id='word_1_317' title='bbox 521 3619 578 3669; x_wconf 88' lang='lat' dir='ltr'>H¹:</span> <span class='ocrx_word' id='word_1_318' title='bbox 594 3626 639 3670; x_wconf 83' lang='lat' dir='ltr'>aut</span> <span class='ocrx_word' id='word_1_319' title='bbox 650 3622 704 3670; x_wconf 88' lang='lat' dir='ltr'>obs.</span> <span class='ocrx_word' id='word_1_320' title='bbox 719 3621 751 3668; x_wconf 89' lang='lat' dir='ltr'><em>M</em></span> <span class='ocrx_word' id='word_1_321' title='bbox 851 3634 882 3668; x_wconf 78' lang='lat'>21</span> <span class='ocrx_word' id='word_1_322' title='bbox 904 3620 1009 3680; x_wconf 85' lang='lat' dir='ltr'>Scilicet</span> <span class='ocrx_word' id='word_1_323' title='bbox 1021 3620 1114 3668; x_wconf 77' lang='lat' dir='ltr'>maluit</span> 
     </span>
     <span class='ocr_line' id='line_1_39' title="bbox 105 3681 855 3750; baseline 0.003 -20"><span class='ocrx_word' id='word_1_324' title='bbox 105 3681 199 3745; x_wconf 77' lang='lat' dir='ltr'>Stangl</span> <span class='ocrx_word' id='word_1_325' title='bbox 296 3699 328 3744; x_wconf 80' lang='lat'>24</span> <span class='ocrx_word' id='word_1_326' title='bbox 347 3684 437 3747; x_wconf 87' lang='lat' dir='ltr'>Itaque</span> <span class='ocrx_word' id='word_1_327' title='bbox 449 3683 482 3732; x_wconf 87' lang='lat' dir='ltr'><em>M</em></span> <span class='ocrx_word' id='word_1_328' title='bbox 490 3702 496 3734; x_wconf 72' lang='grc' dir='ltr'><strong>ε</strong></span> <span class='ocrx_word' id='word_1_329' title='bbox 513 3685 597 3734; x_wconf 81' lang='lat' dir='ltr'>Etiam</span> <span class='ocrx_word' id='word_1_330' title='bbox 608 3684 632 3732; x_wconf 92' lang='lat' dir='ltr'><em>L</em></span> <span class='ocrx_word' id='word_1_331' title='bbox 644 3685 711 3750; x_wconf 83' lang='lat' dir='ltr'><em>vulg.</em></span> <span class='ocrx_word' id='word_1_332' title='bbox 724 3703 730 3734; x_wconf 77' lang='grc' dir='ltr'>ι</span> <span class='ocrx_word' id='word_1_333' title='bbox 745 3685 832 3747; x_wconf 86' lang='lat' dir='ltr'>Atque</span> <span class='ocrx_word' id='word_1_334' title='bbox 844 3701 855 3732; x_wconf 78' lang='grc' dir='ltr'>ε</span> 
     </span>
    </p>
   </div>
   <div class='ocr_carea' id='block_1_6' title="bbox 0 0 1329 4216">
    <p class='ocr_par' dir='ltr' id='par_1_14' title="bbox 0 0 1329 4216">
     <span class='ocr_line' id='line_1_40' title="bbox 0 0 1329 4216; baseline 0 0"><span class='ocrx_word' id='word_1_335' title='bbox 0 0 1329 4216; x_wconf 95' lang='lat' dir='ltr'> </span> 
     </span>
    </p>
   </div>
  </div>
 </body>
</html>
