2648 4216
78 273 180 350 461'914
467 274 512 334 M.
534 272 664 333 TVLLI
685 272 918 334 CICERONIS

192 444 307 506 bonum
319 440 555 505 'neminem-id
572 442 656 521 quod
668 461 688 502 a
702 441 877 502 Democrito
893 451 924 501 et
943 443 1069 503 Platone
1083 440 1114 501 in
1129 438 1198 502 scri-

192 539 251 621 ptis
279 540 415 602 relictum
442 556 508 603 esse
530 537 741 601 dicunt-sine
768 537 1004 601 inflammatione
1027 537 1197 600 animorum

139 657 179 720 47
192 637 331 699 exsistere
349 655 438 716 posse
454 636 485 698 et
501 636 566 698 sine
586 638 720 715 quodam
735 636 849 696 adflatu
867 633 954 713 quasi
969 634 1082 697 furoris.
1127 637 1198 712 Qua

192 748 224 796 re
237 735 329 796 nolite
344 735 510 796 existimare
521 754 571 795 me
584 733 691 813 ipsum,
702 731 755 811 qui
768 752 831 794 non
844 733 971 794 heroum
981 743 1095 794 veteres
1109 746 1196 793 casus

192 833 339 910 fictosque
366 834 464 893 luctus
486 831 577 892 velim
604 828 712 891 imitari
739 841 831 908 atque
857 830 1036 891 adumbrare
1065 830 1227 896 dicendos

135 949 137 952 ’
192 949 291 1007 neque
314 941 398 990 actor
416 927 475 991 sim
495 928 611 990 alienae
631 947 785 1007 personae,
807 930 862 989 sed
884 939 988 990 auctor
1009 947 1102 1001 meae,
1126 949 1196 989 cum

192 1026 267 1087 mihi
285 1028 338 1087 Μ’.
356 1028 495 1105 Aquilius
510 1025 541 1088 in
556 1025 681 1087 civitate
701 1025 876 1089 retinendus
894 1036 981 1100 esset,
1002 1047 1080 1104 quae
1101 1026 1132 1085 in
1146 1026 1197 1086 illa

132 1142 179 1197 ¹9⁵
192 1145 283 1186 causa
295 1127 462 1203 peroranda
475 1124 605 1198 fecerim,
627 1123 693 1185 sine
709 1143 819 1202 magno
838 1126 942 1185 dolore
959 1124 1082 1186 secisse:
1104 1144 1196 1202 quem

191 1222 274 1283 enim
291 1242 347 1300 ego
365 1225 521 1284 consulem
537 1221 636 1295 luisse,
652 1220 862 1300 imperatorem
881 1233 1020 1283 ornatum
1040 1242 1059 1282 a
1080 1233 1195 1296 senatu,

191 1313 333 1380 ovantem
353 1319 385 1378 in
406 1319 589 1399 Capitolium
606 1318 778 1381 ascendisse
797 1319 1009 1394 meminissem,
1025 1322 1107 1380 hunc
1126 1340 1197 1380 cum
1212 1343 1243 1379 ro

192 1417 356 1491 adflictum,
375 1416 573 1490 debilitatum,
593 1421 785 1492 maerentem,
807 1416 839 1477 in
860 1437 1013 1477 summum
1035 1416 1197 1478 discrimen

192 1514 519 1588 adductumviderem,
541 1535 604 1576 non
624 1514 706 1594 prius
727 1535 795 1576 sum
814 1527 942 1577 conatus
962 1515 1197 1577 misericordiam

191 1604 261 1672 aliis
272 1603 461 1673 commovere
471 1630 563 1690 quam
576 1611 779 1673 misericordia
796 1632 865 1672 sum
879 1612 943 1691 ipse
954 1624 1066 1691 captus.
1110 1612 1198 1673 Sensi

148 1758 150 1762 .
191 1708 334 1788 equidem
356 1719 421 1771 tum
443 1729 553 1788 magno
575 1725 666 1789 opere
689 1709 802 1771 moveri
824 1709 947 1784 iudices,
976 1730 1047 1771 cum
1071 1709 1197 1772 excitavi

192 1812 341 1868 maestum
360 1827 398 1869 ac
418 1808 604 1870 sordidatum
625 1828 729 1870 senem
749 1819 780 1870 et
800 1818 871 1869 cum
891 1807 950 1868 ista
965 1807 1031 1881 leci,
1053 1828 1133 1887 quae
1153 1818 1195 1883 tu,
1213 1829 1243 1882 ¹5

194 1905 308 1978 Crasse,
334 1907 447 1981 laudas,
470 1926 533 1967 non
553 1917 624 1980 arte,
646 1908 687 1968 de
703 1912 767 1984 'qua
787 1904 864 1983 quid¹
882 1907 989 1983 loquar
1008 1905 1119 1979 nescio,
1142 1905 1197 1966 sed

192 2013 279 2063 motu
299 2022 416 2081 magno·
429 2002 522 2064 animi
541 2023 578 2064 ac
598 2005 710 2078 dolore,
728 2014 763 2065 ut
781 2002 983 2064 discinderem
1003 2002 1145 2076 tunicam,
1163 2013 1197 2063 ut

132 2104 181 2173 196
193 2099 345 2161 cicatrices
359 2102 556 2162 ostenderem.
600 2102 680 2163 Cum
694 2101 728 2162 C.
746 2099 861 2161 Marius
874 2119 1040 2162 maerorem
1054 2097 1197 2159 orationis

193 2217 282 2259 meae
303 2218 443 2276 praesens
464 2218 507 2260 ac
522 2200 631 2260 sedens
653 2200 783 2259 multum
806 2197 935 2260 lacrimis
957 2196 1019 2258 suis
1042 2196 1196 2258 adiuvaret

193 2315 325 2373 cumque
338 2315 394 2374 ego
408 2295 492 2359 illum
510 2297 616 2357 crebro
629 2298 784 2375 appellans
800 2298 957 2373 conlegam
970 2294 1000 2356 ei
1013 2315 1102 2356 suum
1116 2314 1197 2355 com·
1211 2319 1242 2354 ro

193 2394 368 2453 mendarem
380 2403 471 2472 atque
489 2392 588 2471 ipsum
607 2395 789 2455 advocatum
806 2396 846 2455 ad
860 2413 1053 2455 communem
1072 2393 1197 2473 impera-

194 2501 294 2552 rorum
307 2491 456 2552 fortunam
469 2491 693 2552 defendendam
707 2488 886 2564 invocarem,
896 2510 960 2551 non
973 2490 1029 2550 fuit
1042 2492 1117 2552 haec
1132 2491 1197 2553 sine

194 2586 270 2650 meis
277 2587 414 2662 lacrimis,
424 2608 486 2650 non
500 2588 564 2650 sine
578 2590 682 2650 dolore
697 2585 831 2671 [magno]
841 2587 991 2650 miseratio
1000 2588 1197 2668 omniumque

194 2688 321 2748 deorum
342 2696 373 2747 et
399 2685 556 2747 hominum
579 2697 610 2747 et
633 2685 744 2747 civium
771 2696 802 2748 et
829 2685 979 2748 sociorum
1006 2685 1177 2765 imploratio
1188 2710 1196 2763 3

194 2785 305 2864 quibus
327 2783 467 2846 omnibus
494 2784 600 2859 verbis,
629 2805 707 2866 quae
730 2806 750 2847 a
771 2805 821 2847 me
845 2797 910 2847 tum
934 2796 1005 2846 sunt
1031 2785 1141 2860 habita,
1171 2784 1196 2846 si
1212 2803 1243 2853 25

194 2885 282 2946 dolor
294 2880 416 2943 afuisset
437 2901 530 2956 meus,
552 2902 615 2944 non
632 2885 727 2945 modo
746 2904 809 2945 non
828 2882 1012 2957 miserabilis,
1032 2885 1086 2946 sed
1105 2883 1196 2944 etiam

193 2967 351 3043 inridenda
364 2979 467 3040 fuisset
481 2980 576 3042 oratio
590 3001 665 3042 mea
709 2979 809 3057 Quam
825 2981 939 3044 obrem
953 2985 1013 3043 hoc
1026 3002 1080 3043 vos
1088 2983 1195 3055 doceo,

194 3077 314 3157 Sulpici,
330 3079 429 3139 bonus
450 3100 507 3158 ego
528 3079 667 3141 videlicet
687 3091 779 3159 atque
799 3080 933 3142 eruditus
954 3079 1100 3158 magister,
1117 3090 1150 3140 ut
1164 3076 1196 3139 in

134 3195 182 3250 ¹97
194 3174 355 3238 dicendo
346 3174 439 3252 irasci,
462 3190 496 3239 ut
511 3182 622 3254 dolere,
643 3190 677 3241 ut
693 3181 764 3242 flere
780 3178 907 3259 possitis.
951 3181 1144 3257 Quamquam
1166 3188 1196 3239 te

132 3292 153 3326 ·.
171 3272 318 3351 quidem
345 3275 419 3352 quid
441 3272 500 3338 hoc
521 3280 657 3351 doceam,
683 3270 737 3356 qui
758 3270 789 3339 in
813 3279 985 3339 accusando
1008 3275 1105 3338 sodali
1126 3295 1197 3336 meo
1211 3291 1242 3340 30

195 3380 311 3458 tantum
335 3370 508 3437 incendium
530 3395 593 3437 non
615 3375 750 3437 oratione
773 3376 880 3449 solum,
905 3376 959 3436 sed
983 3373 1073 3435 etiam
1101 3375 1197 3435 multo

227 3523 291 3574 M=
303 3525 387 3576 ΑΕΗ
465 3528 591 3590 suellen
602 3530 673 3594 vulg
748 3543 779 3578 ra
796 3525 910 3578 sumu:
928 3544 1011 3579 essem
1022 3529 1089 3593 vulg

195 3607 289 3652 magno
298 3593 428 3643 miseratio
437 3594 522 3660 vulg
533 3611 590 3644 sme
599 3593 704 3645 raud!
718 3593 922 3645 onerationem
1027 3608 1068 3655 30
1077 3543 1197 3645 1οάιίἰέ

195 3665 332 3720 quaestore
345 3656 395 3706 ΟΡ
1093 3689 1094 3692 =
