2648 4216
77 245 179 314 5522'4
470 242 514 301 M.
536 242 665 302 TVLLI
688 242 922 305 CICERONIS

192 402 349 467 fecit-tot
362 405 451 479 enim,
468 418 502 467 ut
517 405 620 469 audivi
634 409 809 471 Scaevolam
828 407 936 482 dicere,
953 420 1023 471 sunt
1037 409 1098 472 veri
1113 410 1199 473 Bruti

192 500 351 563 libri-‘in
375 503 493 566 Tiburti
520 506 596 566 sorte
620 504 794 566 adsedimus
819 526 876 584 ego
901 518 931 568 et
955 509 1077 569 Marcus
1101 507 1199 569 lilius.¹

195 599 278 663 ‘Ubi
300 611 369 662 sunt
391 598 423 662 hi
444 599 538 675 fundi,
558 605 657 674 Brute,
681 622 758 681 quos
781 602 836 663 tibi
858 615 943 682 pater
964 603 1093 683 publicis
1117 624 1200 665 com·

193 699 344 761 mentariis
372 697 563 778 consignatos
590 699 734 777 reliquit?
786 701 880 776 Quod
904 701 962 761 nisi
987 703 1132 780 puberem
1157 715 1195 775 te,

192 797 298 876 inquit,
322 797 382 858 iam
406 796 537 870 haberet,
560 807 699 874 quartum
714 796 833 858 librum
862 798 1081 876 composuisset
1109 810 1140 860 et
1163 818 1226 867 ses

127 909 177 961 2²5
192 895 282 958 etiam
297 894 329 955 in
343 892 458 957 balneis
472 896 567 955 lotum
581 914 652 954 cum
666 894 728 955 filio
740 895 883 973 scripturn
898 895 1082 974 reliquisset’
1118 895 1195 971 Quis

192 1003 238 1054 est
256 992 344 1072 igitur
359 991 412 1071 qui
429 1011 492 1053 non
509 993 635 1052 fateatur
648 993 708 1053 hoc
722 994 824 1070 lepore
838 1003 929 1070 atque
943 992 990 1054 his
1004 991 1118 1054 facetiis
1132 1013 1196 1053 non

190 1090 292 1152 minus
306 1093 465 1152 refutatum
478 1109 543 1151 esse
554 1091 680 1151 Brutum
692 1109 784 1168 quam
798 1088 856 1151 illis
871 1090 1039 1168 tragoediis,
1050 1111 1124 1169 quas
1136 1090 1197 1170 egit

187 1187 282 1262 idem,
298 1208 368 1249 cum
383 1207 454 1248 casu
468 1186 499 1247 in
514 1187 621 1248 eadem
636 1207 726 1248 causa
740 1189 892 1248 efferretur
904 1207 981 1248 anus
996 1187 1091 1248 lunia
1137 1191 1197 1248 Pro

187 1285 225 1348 di
245 1285 436 1358 immortales,
453 1304 531 1365 quae
554 1283 611 1345 suit
634 1284 691 1359 illa,
709 1296 823 1363 quanta
843 1284 906 1346 visl
949 1305 1041 1364 quam
1063 1285 1198 1364 inexspe-
1214 1306 1245 1342 ro

191 1389 289 1446 ctata!
311 1403 403 1462 quam
417 1381 591 1461 repentina!
612 1402 683 1443 cum
697 1381 842 1444 coniectis
856 1382 961 1458 oculis,
970 1394 1056 1462 gestu
1070 1384 1154 1445 omni
1168 1384 1197 1445 ei

193 1479 370 1555 imminenti,
386 1500 505 1542 summa
517 1478 660 1559 gravitate
679 1491 709 1541 et
726 1479 877 1542 celeritate
895 1482 1055 1542 verborum
1076 1484 1195 1556 ‘Brute

194 1574 267 1653 quid
292 1576 404 1636 sedes?
445 1573 529 1651 Quid
553 1573 635 1634 illam
662 1594 755 1634 anum
783 1574 859 1652 patri
887 1573 1024 1635 nuntiare
1048 1574 1093 1635 vis
1121 1579 1197 1636 tuo?

194 1671 278 1748 Quid
301 1671 359 1732 illis
383 1670 533 1744 omnibus,
556 1690 685 1748 quorum
711 1669 856 1749 imagines
876 1670 947 1731 duci
964 1670 1071 1733 vides?
1112 1671 1196 1748 Quid

193 1769 354 1832 maioribus
369 1769 453 1831 tuis?
495 1768 578 1845 Quid
593 1770 626 1828 L.
644 1771 746 1842 Brut0,
762 1766 814 1846 qui
834 1770 916 1828 hunc
934 1771 1081 1847 populum
1100 1769 1197 1831 domi·
1212 1793 1242 1844 ¹5

192 1880 265 1930 natu
279 1868 360 1948 regio
374 1867 533 1930 liberavit?
575 1867 658 1943 Quid
672 1877 703 1928 te
716 1869 825 1944 agere?
867 1865 926 1928 Cui
940 1865 990 1940 rei,
1007 1866 1056 1928 cui
1074 1867 1194 1946 gloriae,

191 1966 241 2028 cui
261 1965 362 2028 virtuti
382 1967 527 2027 studere?
567 1963 792 2025 Patrimonione
813 1965 978 2041 augendo?
1018 1967 1060 2025 At
1080 1964 1112 2026 id
1133 1986 1197 2027 non

129 2076 181 2128 226
193 2076 238 2126 est
251 2063 422 2125 nobilitatis.
460 2063 520 2124 Sed
534 2064 582 2123 sac
592 2081 667 2136 esse,
677 2061 752 2122 nihil
766 2072 901 2139 superest
912 2083 922 2137 ;
942 2060 1084 2123 libidines
1097 2073 1196 2124 totum

192 2162 418 2240 dissipaverunt.
462 2163 512 2221 An
529 2159 586 2220 iuri
605 2158 708 2221 civili?
750 2160 805 2219 Est
823 2170 990 2238 paternum.
1034 2162 1095 2221 Sed
1115 2160 1197 2221 dicet

193 2272 231 2334 te,
247 2280 316 2320 cum
330 2258 414 2321 aedis
428 2261 582 2333 venderes,
598 2276 637 2319 ne
651 2256 683 2317 in
699 2256 772 2318 rutis
787 2256 910 2334 quidem
928 2269 958 2318 et
975 2257 1069 2318 caesis
1086 2257 1195 2318 solium
1210 2281 1243 2318 ιο

193 2357 248 2419 tibi
261 2368 419 2436 paternum
436 2355 592 2435 recepisse.
635 2357 685 2415 An
704 2354 747 2416 rei
764 2353 906 2415 militari?
947 2354 1010 2431 Qui
1030 2375 1197 2434 numquam

193 2467 289 2516 castra
308 2454 437 2516 videris!
479 2457 528 2513 An
553 2451 768 2532 eloquentiae?
809 2453 898 2528 Quae
917 2472 1018 2530 neque
1038 2463 1083 2513 est
1104 2452 1135 2513 in
1156 2464 1194 2527 te,

193 2564 232 2627 et,
242 2551 386 2631 quicquid
398 2563 442 2613 est
453 2550 535 2612 vocis
546 2571 583 2611 ac
596 2549 724 2629 linguae,
734 2569 826 2611 omne
840 2549 872 2610 in
886 2549 977 2611 istum
991 2549 1196 2628 turpissimum

192 2649 359 2712 calumniae
370 2659 528 2727 quaestum
542 2647 715 2709 contulisti!
757 2650 806 2707 Tu
820 2648 919 2707 lucem
933 2646 1066 2726 aspicere
1079 2649 1196 2708 audes?

193 2751 242 2811 Tu
255 2751 311 2810 hos
325 2746 457 2808 intueri?
498 2749 547 2807 Tu
561 2746 593 2806 in
607 2748 681 2819 soro,
694 2743 740 2827 [tu
754 2744 786 2805 in
800 2742 898 2826 urbe,]
912 2756 945 2805 tu
959 2744 990 2805 in
1005 2745 1114 2806 civium
1128 2766 1195 2806 esse
1209 2773 1240 2822 ²⁵

192 2847 380 2924 conspectu?
421 2847 470 2905 Tu
485 2843 566 2904 illam
581 2855 739 2916 mortuam,
755 2853 788 2903 tu
803 2842 948 2920 imagines
962 2841 1041 2921 ipsas
1056 2864 1117 2903 non
1131 2863 1196 2921 per·

193 2944 360 3006 horrescis?
395 2942 515 3019 Quibus
528 2963 591 3004 non
602 2943 695 3003 modo
706 2940 868 3014 imitandis,
879 2943 934 3002 sed
947 2961 987 3002 ne
1001 2942 1196 3002 conlocandis

225 3097 257 3147 M
268 3123 289 3141 =
302 3098 386 3149 ΑΕΗ
468 3113 484 3159 3
500 3095 526 3145 hi
539 3095 636 3146 Alam:
654 3097 672 3146 ii
685 3096 719 3146 H
727 3097 794 3161 vulg.
864 3111 880 3158 4
893 3096 1079 3158 consignatoA
1145 3110 1161 3157 5
1173 3097 1194 3145 si

192 3164 225 3214 M
298 3169 315 3214 6
326 3167 405 3215 lotum
417 3163 500 3227 vulg:
519 3162 604 3212 locum
615 3161 661 3212 M:
678 3162 791 3212 locutum
803 3162 826 3211 L
893 3178 911 3224 9
922 3162 1032 3211 serretur
1041 3159 1085 3209 M:
1104 3161 1196 3211 funere

193 3229 336 3280 serreturL
470 3243 497 3276 rr
519 3228 592 3278 lectis
608 3225 642 3277 Μ
765 3229 790 3277 ei
807 3226 915 3276 Prileril:
950 3234 976 3276 et
992 3224 1036 3275 M:
1062 3235 1088 3275 et
1105 3241 1156 3275 om.
1172 3227 1195 3275 L

196 3312 225 3358 14
241 3297 303 3358 quid
321 3295 377 3344 mai.
392 3293 437 3343 M:
454 3295 516 3356 quid
529 3309 582 3344 om.
597 3292 619 3340 L
721 3309 751 3356 19
770 3294 819 3341 iuri
830 3291 900 3357 vulg.
913 3311 920 3342 r
937 3293 992 3342 iure
1003 3291 1047 3341 M:
1066 3291 1092 3341 in
1105 3292 1160 3341 iure
1172 3293 1195 3342 L

193 3377 226 3411 ao
243 3362 324 3423 rupiis
336 3397 343 3410 .
358 3397 365 3411 .
381 3397 388 3410 .
403 3360 486 3409 caesis
497 3358 530 3405 M
540 3376 546 3408 r
568 3361 625 3407 ‘vix
637 3358 703 3408 ullus
714 3360 779 3408 liber
791 3366 868 3408 notus
880 3366 921 3406 est
931 3357 976 3419 qui
986 3359 1050 3407 haec
1058 3359 1196 3408 emendata

192 3427 289 3488 scripta
296 3426 392 3475 habent
400 3423 406 3443 ’
414 3424 520 3473 Ellendt.
552 3423 584 3472 In
593 3425 767 3486 alteroquoque
776 3423 846 3471 verbo
858 3422 969 3471 mullum
982 3423 1192 3472 turbanturcodd.

192 3491 248 3540 deu.
318 3507 347 3540 ar
367 3490 498 3552 recepisse
516 3488 554 3539 L:
574 3487 710 3550 reliquisse
720 3486 753 3535 M
816 3487 921 3537 militari
933 3488 955 3536 L
967 3488 1035 3552 vulg.
1049 3505 1055 3536 :
1074 3487 1194 3537 militaris

192 3555 239 3607 Me
266 3555 369 3605 militari
382 3556 420 3604 lis
431 3552 553 3603 Fn'edn'clr
697 3569 728 3602 aa
746 3567 830 3615 neque
841 3552 874 3602 M
879 3571 886 3602 r
904 3553 974 3602 nulle
986 3552 1027 3603 L:
1044 3568 1130 3613 neque
1143 3553 1196 3601 ulla

192 3622 268 3671 Klots
375 3634 408 3681 2⁵
425 3620 451 3667 in
472 3619 527 3667 ioro
538 3627 566 3668 tu
579 3619 605 3667 in
617 3618 681 3667 urbe
693 3625 719 3666 tu
733 3634 784 3668 om.
798 3616 829 3666 M
942 3632 973 3680 27
992 3634 1026 3667 ne
1036 3617 1192 3668 collocandis

192 3687 296 3747 quidem
308 3685 330 3733 L
342 3684 429 3747 vulga:
448 3699 481 3733 ne
494 3684 682 3746 coniungendis
696 3682 728 3731 M
