2648 4216
485 241 528 300 Μ.
551 241 680 300 TVLLI
703 241 936 302 CICERONIS

205 425 237 466 se
250 404 343 484 gignit
358 405 480 483 aliquid,
497 407 580 485 quod
601 426 671 467 cum
692 405 843 467 desidiosa
861 405 1062 469 delectatione
1076 408 1212 487 vestiges

206 505 253 562 Ita
266 505 306 576 fit,
324 515 356 564 ut
374 504 496 582 agitatio
515 524 613 564 rerum
634 504 672 564 sit
692 502 816 579 infinita,
832 505 964 584 cognitio
978 505 1080 580 facilis,
1096 507 1127 566 si
1142 526 1215 566 usus

204 600 371 662 doctrinam
399 602 563 673 confirmet,
590 600 749 662 mediocris
773 621 864 678 opera
888 601 1041 676 tribuatur,
1067 603 1214 664 memoria

204 697 396 775 studiumque
409 708 590 776 permaneat.
635 697 723 758 Libet
737 709 839 758 autem
853 718 971 776 semper
985 699 1118 775 discere,
1139 711 1174 759 ut
1188 699 1213 760 si

202 794 292 855 velim
306 815 362 873 ego
377 795 443 855 talis
463 795 577 873 optime
595 797 698 856 ludere
716 806 768 856 aut
786 797 865 875 pilae
878 797 980 858 studio
994 808 1103 871 tenear,
1120 797 1240 870 etiam5

202 893 333 966 sortasse,
363 891 388 952 si
415 891 541 970 adsequi
568 912 631 952 non
658 893 790 971 possim;
824 905 855 953 at
882 893 941 968 alii,
967 894 1038 972 quia
1061 897 1212 973 praeclare

202 990 322 1065 faciunt,
339 989 552 1064 vehementius,
576 1011 667 1068 quam
689 1011 779 1051 causa
798 994 937 1070 postulat,
961 994 1156 1067 delectantur,
1178 1004 1212 1052 ut

158 1099 190 1164 89
202 1087 300 1147 Titius
320 1086 388 1165 pila,
406 1090 507 1147 Brulla
528 1087 602 1148 talis.
647 1090 716 1164 Qua
736 1108 768 1149 re
789 1088 863 1149 nihil
884 1101 930 1150 est
950 1091 1034 1167 quod
1050 1089 1211 1167 quisquam

202 1183 439 1262 magnitudinem
466 1184 574 1244 artium
603 1206 639 1246 ex
666 1205 711 1259 e0,
741 1187 824 1262 quod
852 1206 938 1246 senes
966 1185 1094 1260 discunt,
1124 1186 1212 1264 perti-

202 1293 322 1354 inescat,
348 1302 479 1360 namque
502 1293 555 1342 aut
579 1302 665 1342 senes
686 1285 726 1343 ad
750 1303 800 1343 eas
824 1294 1013 1344 accesserunt
1037 1295 1089 1343 aut
1113 1304 1210 1362 usque
1226 1310 1259 1346 ro

202 1380 241 1438 ad
256 1389 440 1439 senectutem
454 1378 486 1438 in
500 1377 606 1439 studiis
621 1376 792 1439 detinentur
809 1391 862 1440 aut
879 1391 948 1440 sunt
962 1380 1140 1456 tardissimi;
1163 1403 1210 1442 res

203 1475 325 1552 quidem
347 1496 379 1536 se
400 1497 468 1537 mea
488 1476 635 1537 sententia
655 1476 699 1537 sic
720 1478 818 1550 habet,
837 1489 878 1552 ut,
899 1478 957 1538 nisi
978 1480 1061 1555 quod
1081 1479 1211 1558 quisque

155 1631 188 1681 90
202 1573 262 1632 cito
283 1575 419 1651 potuerit,
436 1595 601 1654 numquam
623 1576 748 1638 omnino
769 1578 863 1655 possit
882 1578 1069 1658 perdiscere!
1113 1582 1208 1654 ‘Iam,

201 1671 279 1744 iam,'
296 1673 393 1751 inquit
413 1675 538 1735 Catulus
555 1673 721 1752 ‘intellego
741 1677 855 1748 Crasse,
872 1676 946 1754 quid
965 1676 1069 1751 dicas,
1095 1688 1126 1737 et
1145 1679 1210 1738 her-

199 1772 266 1830 cule
289 1770 442 1831 adsentior
454 1793 462 1845 3
491 1773 562 1832 satis
585 1771 674 1832 video
698 1771 753 1832 tibi
775 1773 891 1833 homini
912 1776 952 1834 ad
976 1773 1209 1851 perdiscendum
1226 1797 1256 1847 15

198 1867 342 1930 acerrimo
364 1872 404 1930 ad
428 1889 465 1929 ea
484 1871 703 1946 cognoscenda,
726 1890 803 1948 quae
825 1870 908 1944 dicis,
931 1871 1023 1932 fuisse
1047 1871 1210 1949 temporis!

200 1964 374 2042 ‘Pergisne'
388 1963 485 2042 inquit
501 1966 625 2026 Crassus
642 1970 719 2042 ‘me,
734 1988 811 2045 quae
830 1969 941 2042 dicam,
954 1971 994 2028 de
1013 1988 1070 2042 me,
1086 1989 1148 2028 non
1169 1971 1209 2029 de

198 2083 230 2122 re
251 2074 355 2140 putare
375 2063 500 2124 dicere?
540 2066 601 2124 Sed
622 2063 691 2138 iam,
714 2064 739 2124 si
762 2068 869 2145 placet,
891 2068 931 2126 ad
952 2065 1087 2126 instituta
1107 2068 1209 2129 redea-

198 2160 285 2219 mus!
327 2158 425 2218 ‘Mihi
439 2162 526 2220 vero'
541 2161 667 2222 Catulus
680 2161 778 2240 inquit
791 2165 928 2241 ‘placet'

154 2282 184 2334 91
239 2258 320 2316 Tum
335 2257 460 2317 Crassus
479 2259 641 2335 ‘quorsum
660 2255 749 2336 igitur
765 2260 841 2319 haec
861 2263 991 2338 spectat’
1010 2259 1108 2340 inquit
1127 2266 1207 2323 ‘tarn
1223 2287 1254 2322 20

198 2355 288 2431 longa
306 2366 336 2414 et
355 2366 416 2415 tam
436 2357 495 2415 alte
514 2355 639 2433 repetita
658 2355 774 2416 oratio?
817 2360 887 2418 Hae
906 2360 984 2419 duae
1003 2370 1112 2437 partes,
1127 2380 1207 2437 quae

198 2451 271 2511 mihi
286 2462 455 2530 supersunt,
469 2449 672 2513 inlustrandae
689 2453 831 2514 orationis
848 2475 885 2515 ac
904 2455 996 2516 totius
1015 2457 1207 2534 eloquentiae

197 2551 408 2625 cumulandae,
423 2570 548 2628 quarum
563 2553 655 2611 altera
669 2549 729 2611 dici
743 2554 874 2629 postulat
888 2564 1003 2628 ornate,
1016 2555 1109 2613 altera
1124 2567 1206 2632 apte,

197 2648 276 2706 hanc
304 2647 417 2706 habent
444 2646 515 2722 vim,
540 2657 574 2706 ut
601 2646 639 2706 sit
667 2668 757 2725 quam
786 2647 915 2709 maxime
942 2649 1085 2724 iucunda,
1113 2670 1206 2727 quam

198 2743 326 2803 maxime
353 2743 385 2802 in
413 2763 518 2804 sensus
544 2763 656 2818 eorum,
683 2744 735 2822 qui
759 2744 893 2818 audiunt,
920 2744 1026 2805 influat
1054 2757 1085 2807 et
1113 2767 1205 2824 quam
1221 2770 1251 2820 25

151 2863 183 2916 9²
196 2839 331 2919 plurimis
366 2840 404 2900 sit
438 2841 527 2901 rebus
557 2840 719 2916 instructa;
753 2840 984 2903 instrumentum
1014 2855 1116 2904 autem
1144 2846 1206 2904 hoc

196 2939 324 3012 forense,
354 2937 526 3015 litigiosum,
555 2958 634 3014 acre,
664 2949 791 2999 tractum
825 2959 862 2999 ex
895 2939 976 3016 vulgi
1010 2939 1205 3018 opinionibus

197 3034 337 3111 exiguum
354 3055 486 3113 saneque
505 3035 679 3097 mendicum
699 3047 744 3096 est
754 3058 763 3111 ;
783 3035 858 3097 illud
877 3057 977 3097 rursus
996 3037 1105 3114 ipsum,
1119 3041 1204 3116 quod

196 3133 317 3192 tradunt
349 3131 406 3206 isti,
436 3132 489 3210 qui
522 3135 699 3211 profitentur
728 3153 761 3194 se
794 3132 916 3195 dicendi
947 3135 1109 3212 magistros,
1140 3156 1203 3197 non

196 3231 324 3289 multum
339 3240 384 3289 est
398 3229 495 3291 maius
509 3249 600 3308 quam
618 3231 693 3292 illud
711 3232 831 3310 vulgare
849 3252 886 3293 ac
902 3234 1037 3293 forense:
1058 3245 1204 3311 apparatu
1217 3257 1249 3306 30

195 3325 283 3385 nobis
297 3345 373 3404 opus
391 3337 437 3386 est
455 3337 485 3387 et
503 3329 593 3388 rebus
612 3328 773 3406 exquisitis,
789 3329 924 3407 undique
941 3330 1096 3405 conlectis,
1109 3351 1204 3391 arces-

228 3499 243 3530 2
260 3483 365 3544 agitatio
383 3499 469 3532 rerum
481 3483 592 3546 Mueller,
604 3486 651 3548 qui
664 3491 688 3535 et
702 3487 722 3536 si
735 3486 833 3535 addidit
840 3504 846 3535 :
865 3488 1005 3548 agitatione
1017 3503 1103 3536 rerum
1115 3487 1184 3538 codd.
1195 3506 1201 3539 ε

194 3549 300 3610 agitatio
313 3565 346 3597 ne
362 3565 446 3598 rerum
457 3549 579 3599 Friedrich
689 3553 790 3613 spilae
802 3552 889 3602 codd:
907 3554 958 3614 pila
968 3551 1063 3616 Stangl
1169 3569 1203 3615 23

194 3621 284 3662 ornate
295 3613 383 3663 om.L
484 3630 515 3676 27
534 3615 703 3665 tractatumL
802 3633 836 3678 30
853 3618 932 3666 multo
944 3617 1079 3667 Manutius
