2648 4216
471 257 530 318 ou
551 257 757 321 oxxroau
799 262 815 321 1
1157 281 1224 342 4„

134 434 296 502 praecepta
310 436 481 503 superaret;
500 438 584 487 erant
597 439 699 489 autem
713 427 784 489 huic
797 428 898 491 studio
912 431 1049 506 maxima,
1065 451 1144 509 quae

134 540 219 581 nunc
232 541 355 600 quoque
374 534 452 597 sunt,
468 523 603 602 exposita
620 525 753 602 praemia
770 530 818 587 vel
836 528 877 587 ad
894 527 1018 605 gratiam
1036 531 1084 590 vel
1102 531 1143 590 ad

133 637 210 695 opes
236 623 285 680 vel
312 621 352 680 ad
380 620 555 698 dignitatem
566 644 576 697 ς
609 621 729 701 ingenia
754 643 834 697 vero,
863 636 896 685 ut
923 625 1025 687 multis
1052 627 1142 688 rebus

132 735 296 792 possumus
323 716 465 792 iudicare,
494 730 663 780 nostrorum
691 719 849 782 hominum
877 723 1005 782 multum
1036 722 1141 785 ceteris

103 828 118 877 ⁵
132 812 454 877 hominibusomnium
464 816 598 893 gentium
609 817 825 894 praestiterunt
857 818 976 894 Quibus
990 821 1030 880 de
1043 820 1141 882 causis
1157 831 1186 881 16

132 910 202 988 quis
216 932 278 972 non
293 912 357 973 iure
370 911 493 974 miretur
505 933 542 975 ex
553 913 637 975 omni
651 913 796 976 memoria
808 926 948 989 aetatum,
960 927 1139 993 temporum,

131 1009 288 1070 civitatum
301 1021 363 1071 tam
378 1008 518 1088 exiguum
531 1022 682 1072 oratorum
696 1031 855 1072 numerum
869 1011 1016 1072 inveniri?

174 1107 331 1168 Sedenim
348 1106 445 1169 maius
458 1119 505 1168 est
523 1109 582 1168 hoc
599 1107 745 1185 quiddam
759 1127 850 1185 quam
865 1107 1004 1169 homines
1018 1107 1141 1186 opinan-

131 1215 189 1280 tur,
202 1217 232 1266 et
245 1205 380 1282 pluribus
393 1224 430 1265 ex
440 1204 553 1265 artibus
567 1204 733 1283 studiisque
747 1205 926 1266 conlectum.
965 1204 1048 1282 Quid
1058 1206 1139 1267 enim
1152 1211 1172 1273 5

85 1323 118 1361 ro
131 1302 201 1380 quis
215 1301 297 1364 aliud
310 1301 342 1361 in
357 1301 487 1362 maxima
505 1301 685 1363 discentium
700 1300 901 1376 multitudine,
916 1322 1035 1363 summa
1050 1303 1140 1381 magi-

131 1411 262 1461 strorum
286 1399 383 1477 copia,
406 1398 666 1476 praestantissimis
686 1399 844 1461 hominum
866 1399 1001 1477 ingeniis,
1023 1399 1139 1460 infinita

131 1516 289 1558 causarum
303 1496 453 1570 varietate,
468 1495 659 1574 amplissimis
678 1496 867 1574 eloquentiae
881 1496 1041 1574 propositis
1057 1517 1139 1575 prae

130 1593 201 1654 miis
232 1614 298 1654 esse
330 1613 438 1654 causae
468 1605 562 1671 putet,
591 1593 649 1654 nisi
677 1593 719 1654 rei
747 1594 900 1670 quandam
931 1594 1137 1655 incredibilem

130 1690 369 1768 magnitudinem
402 1709 438 1751 ac
468 1689 696 1752 difficultatem?
751 1694 806 1752 Est
837 1691 919 1753 enim
952 1703 981 1751 et
1013 1691 1137 1753 scientia
1153 1711 1182 1764 ¹7

83 1810 115 1862 15
131 1789 418 1865 comprehendenda
444 1808 542 1848 rerum
569 1788 772 1866 plurimarum,
798 1787 862 1850 sine
890 1808 951 1865 qua
977 1789 1136 1850 verborum

129 1883 301 1946 volubilitas
322 1883 419 1946 inanis
439 1896 531 1962 atque
551 1885 709 1946 inridenda
730 1896 784 1959 est,
807 1897 837 1946 et
861 1885 927 1963 ipsa
950 1885 1045 1947 oratio
1067 1905 1136 1948 corr·

129 1983 289 2043 formanda
315 2001 378 2043 non
406 1983 504 2043 solum
532 1982 688 2057 electione,
713 1985 768 2044 sed
795 1982 886 2043 etiarn
914 1981 1137 2045 constructione

128 2079 298 2154 verborum,
330 2091 360 2140 et
391 2100 497 2141 omnes
527 2080 696 2141 animorum
729 2092 837 2154 motus,
869 2100 946 2158 quos
978 2079 1136 2141 hominum

129 2177 231 2255 generi
263 2197 361 2238 rerum
392 2188 498 2238 natura
524 2177 635 2252 tribuit,
663 2177 783 2255 penitus
815 2178 1022 2255 pernoscendi,
1051 2179 1135 2255 quod

81 2295 117 2333 ao
129 2273 230 2336 omnis
243 2274 288 2336 vis
302 2274 438 2353 ratioque
453 2274 574 2336 dicendi
587 2274 619 2335 in
633 2294 747 2348 eorum,
762 2273 814 2352 qui
832 2275 968 2349 audiunt,
984 2274 1135 2335 mentibus

128 2382 181 2433 aut
195 2371 337 2434 sedandis
350 2384 402 2433 aut
416 2371 581 2433 excitandis
591 2373 794 2450 expromenda
807 2383 871 2447 ast,
890 2373 1015 2434 accedat
1025 2373 1134 2433 eodem

127 2480 247 2547 oportet
270 2473 356 2548 lepos
380 2470 504 2548 quidam
525 2468 709 2546 facetiaeque
729 2480 759 2529 et
780 2468 908 2531 eruditio
928 2468 1023 2530 libero
1043 2468 1135 2547 digna

127 2566 323 2645 celeritasque
337 2578 368 2628 et
384 2567 513 2629 brevitas
532 2578 562 2627 et
578 2566 782 2644 respondendi
801 2578 831 2627 et
847 2566 1013 2628 lacessendi
1032 2566 1134 2628 subtili

127 2676 284 2726 venustate
310 2675 402 2742 atque
426 2664 594 2726 urbanitate
618 2663 798 2739 coniuncta;
827 2665 959 2725 tenenda
982 2674 1134 2740 praeterea
1148 2675 1177 2724 18

80 2787 112 2837 ²5
127 2773 174 2823 est
196 2762 295 2823 omnis
315 2762 477 2840 antiquitas
497 2765 762 2839 exemplorumque
782 2761 835 2834 vis,
857 2781 956 2838 neque
977 2763 1076 2837 legum
1097 2781 1133 2822 ac

126 2858 199 2920 iuris
222 2859 316 2920 civilis
341 2858 465 2920 scientia
488 2860 675 2936 neglegenda
697 2869 750 2919 est.
790 2851 888 2918 ¹Nam
911 2856 985 2934 quid
1013 2875 1069 2934 ego
1093 2859 1133 2918 de

126 2957 246 3020 actione
278 2957 343 3036 ipsa
369 2960 455 3034 plura
482 2955 603 3018 dicam?
657 2975 735 3034 quae
766 2966 849 3016 motu
883 2953 1023 3030 eorporis,
1054 2973 1132 3030 quae

126 3068 221 3134 gestu,
245 3075 323 3133 quae
346 3056 439 3127 vultu,
462 3073 540 3131 quae
563 3052 647 3114 vocis
671 3051 909 3113 conformatione
932 3070 968 3111 ac
992 3049 1132 3112 varietate

127 3155 313 3215 moderanda
326 3164 390 3227 oet;
410 3171 489 3230 quae
502 3152 566 3213 sola
577 3171 630 3228 per
644 3171 677 3211 se
690 3150 756 3228 ipsa
769 3161 882 3227 quanta
895 3148 941 3222 sit,
953 3148 1131 3210 histrionum

80 3269 113 3320 30
126 3250 201 3311 levis
224 3271 271 3312 ars
296 3262 326 3311 et
348 3269 457 3311 scaena
478 3250 608 3310 declarat
618 3270 627 3324 ;
658 3248 689 3308 in
714 3267 866 3325 quacum
890 3266 996 3307 omnes
1018 3246 1049 3307 in
1071 3245 1131 3307 oris

126 3358 158 3408 et
170 3348 253 3409 vocis
270 3359 301 3408 et
319 3358 419 3408 motus
436 3345 641 3407 moderatione
660 3346 804 3418 laborent,
820 3343 888 3422 quis
906 3344 1021 3422 ignorat
1039 3364 1131 3421 quam

125 3444 214 3522 pauci
229 3444 289 3505 sint
302 3443 479 3520 fuerintque,
495 3463 572 3520 quos
585 3441 688 3503 animo
702 3462 801 3519 aequo
815 3453 952 3519 spectare
959 3440 1131 3518 possimus?

127 3541 211 3618 Quid
225 3541 325 3603 dicam
343 3543 383 3603 de
399 3542 539 3601 thesauro
557 3560 656 3600 rerum
675 3539 821 3613 omnium,
836 3537 1002 3600 memoria?
1044 3539 1131 3614 Quae

158 3688 216 3739 M=
224 3685 280 3737 HE
374 3687 391 3734 8
407 3685 476 3735 enim
487 3683 520 3733 M
527 3701 534 3733 ε
551 3684 669 3734 nimirum
680 3683 703 3733 L
844 3697 874 3730 ιο
891 3697 1024 3732 causarum
1039 3697 1089 3731 om.
1101 3682 1130 3729 M

124 3767 156 3816 31
174 3753 277 3816 ignorat
288 3752 311 3801 L
324 3768 331 3799 r
348 3750 449 3814 ignoret
460 3749 492 3798 Μ
