2648 4216
497 252 541 311 M.
563 251 692 311 TVLLI
713 250 945 313 CICERONIS

205 419 279 482 etuti
295 441 366 482 vero
384 420 580 481 celebrandae
597 429 627 480 et
651 421 804 481 ornandae
824 421 908 497 quod
931 417 1087 480 honestius
1110 428 1211 496 potest

204 539 270 580 esse
296 517 463 597 perfugium
484 539 576 596 quam
597 516 668 579 iuris
692 517 916 596 interpretatio?
957 517 1108 596 Equidem
1135 515 1211 577 mihi

204 618 264 676 hoc
288 614 456 677 subsidium
478 614 538 676 iam
560 614 632 677 inde
655 615 695 676 ab
718 615 922 677 adulescentia
945 614 1124 694 comparavi,
1146 634 1210 675 non

204 716 303 775 solum
327 715 366 774 ad
389 732 545 774 causarum
568 733 658 774 usum
680 715 838 788 sorensem,
861 713 1029 775 sedetiam
1052 715 1092 774 ad
1116 713 1209 773 decus

204 823 295 890 atque
316 821 526 872 ornamentum
548 810 718 885 senectutis,
734 822 775 885 ut,
791 832 861 872 curn
880 832 930 874 me
943 812 1028 886 vires,
1044 813 1128 890 quod
1149 813 1209 872 fere
1225 831 1238 879 5

204 911 264 971 iarn
278 922 396 989 tempus
410 912 560 984 adventat,
576 912 704 972 deficere
725 911 904 989 coepissent,
919 911 976 972 ista
988 912 1029 972 ab
1047 909 1210 972 solitudine

204 1009 329 1069 domum
358 1028 456 1068 meam
483 1007 673 1069 vindicarem.
726 1008 810 1085 Quid
837 1020 883 1071 est
914 1008 996 1070 enim
1031 1007 1209 1087 praeclarius

204 1126 295 1185 quam
322 1105 487 1166 honoribus
514 1117 545 1167 et
574 1105 617 1167 rei
646 1107 785 1184 publicae
817 1107 991 1169 muneribus
1019 1109 1208 1186 perfunctum

203 1223 306 1263 senem
320 1223 409 1280 posse
424 1223 479 1264 suo
493 1203 557 1264 iure
570 1203 670 1265 dicere
683 1203 773 1279 idem,
786 1207 870 1283 quod
882 1208 965 1284 apud
980 1205 1113 1266 Ennium
1127 1204 1208 1266 dicat

204 1299 253 1361 ille
268 1300 391 1378 Pythius
405 1303 525 1379 Apollo,
540 1321 574 1363 se
587 1322 653 1362 esse
671 1322 750 1376 eum,
765 1305 848 1364 unde
862 1303 927 1377 sibi,
943 1303 1046 1365 sinon
1059 1302 1164 1381 populi
1177 1313 1208 1364 et
1225 1326 1255 1362 ιο

203 1417 295 1475 reges,
309 1408 340 1458 at
354 1418 459 1459 omnes
474 1397 520 1459 sui
534 1398 614 1460 cives
628 1399 786 1461 consilium
800 1412 948 1478 expetant,

284 1515 467 1556 summarum
488 1516 586 1557 rerum
607 1496 729 1558 incerti:
757 1518 833 1575 quos
854 1518 911 1575 ego
931 1519 990 1577 ope
1011 1519 1079 1559 mea

285 1601 340 1655 lex
360 1592 479 1654 incertis
500 1606 597 1655 certos
617 1607 834 1673 compotesque
854 1596 961 1657 consili

284 1690 411 1764 dimitto,
434 1702 467 1751 ut
488 1711 527 1752 ne
547 1711 595 1752 res
615 1702 727 1752 temere
747 1703 874 1753 tractent
894 1693 1046 1754 turbidas:

142 1806 190 1844 200
203 1799 248 1849 est
270 1788 351 1849 enim
373 1787 438 1849 sine
460 1787 555 1849 dubio
577 1789 687 1850 domus
703 1788 775 1850 iuris
796 1789 925 1851 consulti
944 1789 1036 1851 totius
1052 1790 1206 1850 oraculum
1223 1808 1252 1858 15

203 1884 348 1960 civitatis3
376 1884 459 1946 testis
481 1896 526 1946 est
548 1884 673 1946 huiusce
693 1887 731 1962 Q.
749 1885 834 1946 Muci
856 1886 945 1947 ianua
963 1897 1001 1947 et
1015 1885 1205 1960 vestibulum,

203 1984 286 2061 quod
300 1982 332 2043 in
346 1981 409 2043 eius
429 1982 628 2044 infirmissima
646 1983 817 2045 valetudine
834 1985 1013 2061 adfectaque
1032 1983 1091 2044 iarn
1109 1995 1207 2044 aetate

203 2079 332 2140 maxima
353 2079 464 2141 cotidie
485 2080 652 2159 frequentia
669 2080 780 2142 civium
798 2100 835 2142 ac
848 2101 1034 2143 summorum
1048 2080 1206 2141 hominum

168 2221 190 2280 6
203 2179 362 2254 splendore
376 2178 548 2238 celebratur.

245 2277 311 2334 Iam
329 2274 379 2334 illa
393 2295 455 2336 non
469 2277 589 2352 longam
608 2274 774 2337 orationem
788 2275 967 2349 desiderant,
983 2295 1074 2354 quam
1088 2274 1206 2336 obrem
1222 2299 1253 2333 ιο

203 2371 369 2433 existimem
390 2371 512 2450 publica
533 2392 655 2450 quoque
676 2371 746 2446 iura,
762 2393 840 2450 quae
858 2384 928 2434 sunt
946 2371 1065 2451 propria
1081 2371 1206 2432 civitatis

203 2482 293 2548 atque
307 2469 419 2548 imperi,
435 2480 500 2530 tum
519 2482 715 2531 monumenta
732 2482 993 2548 rerumgestarum
1009 2481 1040 2531 et
1053 2468 1207 2530 vetustatis

202 2569 338 2646 exempla
360 2566 469 2629 oratori
487 2578 560 2629 nota
581 2587 647 2628 esse
666 2568 776 2629 debere
785 2589 795 2643 3
815 2589 885 2629 nam
904 2580 938 2630 ut
955 2567 987 2628 in
1001 2589 1099 2629 rerum
1114 2567 1207 2647 priva-

202 2677 298 2726 tarum
317 2664 414 2726 causis
432 2677 523 2743 atque
540 2664 659 2726 iudiciis
678 2667 883 2745 depromenda
899 2687 988 2745 saepe
1002 2666 1097 2728 oratio
1110 2677 1156 2728 est
1169 2687 1207 2726 ex

202 2762 265 2824 iure
285 2762 364 2823 civili
385 2773 415 2823 et
438 2762 559 2836 idcirco,
581 2774 615 2824 ut
635 2775 706 2824 ante
727 2763 864 2838 diximus,
888 2763 997 2825 oratori
1019 2763 1089 2825 iuris
1111 2762 1205 2824 civilis
1221 2786 1250 2834 25

202 2859 326 2922 scientia
353 2859 519 2921 necessaria
545 2870 599 2933 est,
625 2859 722 2921 sicin
746 2860 842 2922 causis
867 2860 994 2940 publicis
1016 2859 1204 2934 iudiciorum,

203 2957 387 3030 contionum,
403 2969 523 3018 senatus
542 2956 640 3018 omnis
662 2959 738 3017 haec
759 2969 790 3019 et
808 2957 991 3036 antiquitatis
1012 2957 1156 3018 memoria
1176 2966 1206 3017 et

202 3054 316 3133 publici
339 3054 410 3115 iuris
431 3053 592 3115 auctoritas
613 3064 644 3115 et
667 3057 815 3131 regendae
839 3055 881 3116 rei
908 3055 1047 3135 publicae
1074 3054 1149 3115 ratio
1169 3074 1206 3115 ac

203 3151 326 3213 scientia
334 3163 487 3229 tamquam
498 3151 598 3229 aliqua
609 3152 745 3213 materies
755 3152 797 3214 eis
806 3153 981 3228 oratoribus,
991 3151 1043 3231 qui
1053 3162 1206 3213 versantur

142 3275 188 3311 202
202 3248 234 3308 in
248 3268 280 3309 re
299 3248 428 3326 publica,
443 3248 578 3310 subiecta
597 3269 663 3310 esse
684 3251 782 3311 debet.
826 3253 898 3311 Non
918 3249 999 3310 enim
1020 3248 1205 3310 causidicum
1220 3272 1252 3322 30

203 3344 410 3423 nescioquem
424 3367 523 3425 neque
541 3349 734 3408 clamatorem
756 3357 808 3408 aut
829 3348 964 3408 rabulam
986 3350 1046 3408 hoc
1068 3366 1206 3408 sermone

141 2325 188 2362 201

236 3503 253 3550 6
269 3502 304 3550 ita
321 3500 427 3565 Madvig
506 3518 535 3551 12
553 3517 707 3551 summarum
719 3501 801 3565 Lagg.
814 3517 917 3551 omnes:
934 3517 1038 3550 suarum
1049 3516 1205 3550 summarum

204 3567 227 3615 L
293 3583 350 3616 men
367 3582 417 3630 ope
434 3565 520 3618 codd:
536 3584 595 3617 corr.
613 3567 643 3616 G.
662 3566 797 3616 Hernmnn
898 3582 928 3628 ¹3
945 3583 979 3616 ex
995 3567 1100 3616 incertis
1116 3564 1206 3616 codd:

203 3632 298 3696 incepti
313 3632 415 3682 Rabbach
512 3647 542 3695 31
561 3634 771 3696 proclamatorem
783 3631 866 3684 codd:
884 3649 943 3682 com
955 3632 1068 3684 Ellendt.
