2648 4216
78 253 180 330 56239
473 256 516 315 M.
539 256 667 316 TVLLI
689 255 922 318 CICERONIS

194 426 347 485 consultus
376 423 509 502 superior
535 423 623 485 fuerit
651 423 843 498 discessurus,
866 423 919 503 qui
947 435 1024 485 esset
1052 445 1114 485 non
1144 443 1200 484 suo

193 520 326 594 artificio,
351 522 405 581 sed
426 520 534 594 alieno,
549 522 608 580 hoe
629 532 682 594 est,
711 541 774 581 non
802 521 873 582 iuris
897 521 1029 594 scientia,
1059 523 1113 581 sed
1141 523 1201 580 elo

195 618 325 695 quentia,
355 628 543 678 sustentatus.
588 619 739 696 Equidem
771 621 831 679 hoc
858 639 947 697 saepe
974 619 1095 680 audivi:
1130 638 1201 679 cum

194 715 376 776 aedilitatem
399 719 431 775 P.
449 717 574 778 Crassus
594 728 708 793 peteret
730 736 860 795 eumque
881 717 976 777 maior
996 728 1068 778 natu
1090 729 1120 777 et
1141 716 1201 776 iarn

195 813 358 873 consularis
373 815 433 873 Ser.
450 813 548 874 Galba
568 814 777 888 adsectaretur‚
793 816 877 891 quod
891 814 991 877 Crassi
1012 815 1104 874 filiam
1124 813 1202 874 Gaio
1216 829 1230 877 5

195 910 258 970 filio
282 931 337 971 suo
359 911 578 988 despondisset,
601 911 763 973 accessisse
785 914 826 972 ad
854 914 996 974 Crassum
1024 911 1202 973 consulendi

196 1028 286 1068 causa
309 1011 462 1087 quendam
484 1010 676 1083 rusticanum,
700 1010 752 1087 qui
777 1030 846 1070 curn
869 1013 1012 1073 Crassum
1036 1010 1203 1071 seduxisset

195 1118 286 1184 atque
300 1108 339 1166 ad
353 1127 423 1167 eum
444 1107 604 1167 rettulisset
625 1127 862 1186 responsumque
879 1109 919 1169 ab
938 1129 976 1170 eo
989 1129 1092 1169 verum
1108 1107 1202 1185 magis

196 1224 287 1282 quam
314 1206 354 1264 ad
378 1224 463 1265 suam
487 1224 550 1264 rem
581 1207 844 1266 accommodatum
868 1207 1048 1280 abstulisset,
1072 1218 1105 1266 ut
1132 1227 1201 1266 eum

195 1300 309 1361 tristem
332 1302 430 1362 Galba
443 1301 525 1374 vidit,
541 1301 665 1362 nomine
678 1303 838 1380 appellavit
856 1303 1070 1380 quaesivitque,
1087 1323 1147 1381 qua
1163 1304 1203 1362 de
1218 1318 1249 1353 10

195 1419 227 1459 re
241 1400 281 1458 ad
296 1400 436 1460 Crassum
451 1399 629 1474 rettulisset;
650 1420 687 1459 ex
700 1420 762 1477 quo
776 1410 810 1461 ut
827 1401 942 1461 audivit
955 1413 1203 1478 commotumque

133 1525 181 1575 240
196 1507 229 1558 ut
251 1496 325 1557 vidit
346 1496 510 1569 hominem,
538 1499 717 1574 ‘suspenso’
738 1497 836 1575 inquit
859 1499 978 1559 ‘animo
1002 1510 1033 1559 et
1055 1510 1203 1575 occupato

196 1595 339 1656 Crassum
366 1590 421 1654 tibi
448 1594 638 1671 respondisse
659 1593 767 1667 video‚'
795 1594 906 1655 deinde
934 1594 1032 1672 ipsum
1061 1597 1203 1657 Crassum

196 1712 288 1751 manu
311 1690 469 1768 prehendit
491 1702 522 1750 et
546 1692 638 1752 ‘heus
660 1694 712 1764 tu,'
731 1691 828 1769 inquit
848 1692 941 1770 ‘quid
955 1693 1010 1754 tibi
1024 1693 1055 1752 in
1071 1703 1203 1752 mentem

195 1788 277 1849 venit
288 1788 329 1848 ita
339 1790 520 1865 respondere
530 1790 559 1847 ?’
601 1791 681 1848 Turn
696 1787 746 1849 ille
759 1789 887 1849 fidenter
900 1791 993 1850 homo
1008 1788 1203 1867 peritissimus
1220 1803 1249 1853 ι5

197 1885 373 1945 confirmare
387 1884 428 1944 ita
450 1904 482 1944 se
504 1904 567 1944 rem
590 1885 710 1958 habere,
725 1897 759 1946 ut
777 1885 989 1964 respondisset,
1005 1907 1062 1946 nec
1076 1885 1203 1946 dubium

196 2001 262 2042 esse
277 2001 365 2058 posse
375 2001 384 2055 3
413 1981 511 2041 Galba
529 1993 630 2041 autem
649 1983 797 2042 adludens
815 1982 895 2042 varie
914 1995 944 2043 et
958 1982 1081 2060 copiose
1095 1984 1204 2042 multas

197 2077 405 2139 similitudines
432 2079 548 2139 adferre
576 2079 729 2156 multaque
756 2099 811 2157 pro
838 2079 990 2157 aequitate
1024 2091 1128 2140 contra
1157 2077 1204 2138 ius

197 2176 297 2238 dicere
306 2198 316 2250 ,·
336 2186 426 2254 atque
440 2175 533 2249 illurn,
550 2196 619 2236 cum
639 2176 814 2237 disserendo
833 2196 886 2255 par
905 2197 971 2237 esse
984 2196 1047 2236 non
1061 2187 1205 2253 posset—-

197 2294 381 2352 quamquam
408 2273 464 2334 luit
492 2275 617 2335 Crassus
644 2273 676 2333 in
704 2283 830 2335 numero
857 2274 1044 2347 disertorum,
1069 2276 1123 2334 sed
1151 2293 1205 2350 par
1220 2292 1251 2327 ιο

198 2373 313 2434 Galbae
340 2373 424 2432 nullo
448 2373 623 2432 modo—ad
647 2381 783 2433 auctores
812 2371 981 2449 confugisse
1003 2382 1033 2432 et
1057 2371 1097 2444 id,
1121 2373 1205 2449 quod

197 2470 262 2548 ipse
276 2470 396 2543 diceret,
411 2480 442 2530 et
458 2469 490 2529 in
509 2473 541 2530 P.
559 2469 645 2529 Muci
663 2469 760 2530 fratris
781 2469 827 2530 sui
848 2469 930 2530 libris
951 2482 982 2530 et
1003 2469 1034 2529 in
1055 2471 1120 2529 Sex.
1137 2468 1205 2529 Aeli

198 2567 419 2629 commentariis
446 2566 589 2644 scriptum
623 2565 781 2643 protulisse
815 2586 851 2626 ac
885 2577 986 2626 tamen
1021 2565 1205 2626 concessisse

199 2665 314 2726 Galbae
328 2663 561 2741 disputationem
576 2662 633 2723 sibi
643 2662 830 2740 probabilem
842 2675 871 2723 et
882 2683 976 2740 prope
986 2681 1086 2721 veram
1101 2660 1202 2722 videri.

134 2730 182 2872 {4⁷¹
198 2767 245 2823 Ac
264 2775 373 2836 tamen,
392 2782 469 2840 quae
492 2781 600 2822 causae
620 2772 690 2821 sunt
711 2760 775 2822 eius
796 2760 888 2834 modi,
904 2773 937 2822 ut
958 2761 997 2820 de
1018 2780 1119 2820 earum
1141 2759 1205 2819 iure
1219 2779 1249 2828 25

199 2859 325 2921 dubium
349 2879 498 2920 essenon
521 2859 624 2937 possit,
648 2859 773 2921 omnino
796 2859 827 2919 in
849 2858 993 2919 iudicium
1017 2857 1118 2918 vocari
1142 2877 1205 2916 non

199 2961 304 3019 solent.
348 2959 430 3019 Num
455 2957 523 3035 quis
544 2978 581 3019 eo
602 2968 791 3031 testamento,
807 2959 891 3035 quod
911 2954 1121 3034 paterfamilias
1135 2965 1205 3014 ante

199 3056 269 3116 fecit
283 3076 374 3134 quam
388 3055 416 3116 ei
430 3056 508 3116 filius
526 3068 614 3117 natus
631 3068 718 3129 esset,
734 3055 930 3116 hereditatem
949 3053 1045 3132 petit?
1087 3055 1206 3127 Nemo;

199 3154 270 3232 quia
292 3164 408 3214 constat
430 3156 622 3232 agnascendo
644 3154 742 3231 rumpi
756 3164 989 3226 testamentum
1009 3171 1079 3229 ergo
1094 3150 1125 3210 in
1145 3152 1206 3211 hoc

199 3271 306 3329 genere
327 3252 397 3312 iuris
417 3252 528 3314 iudicia
551 3254 633 3313 nulla
652 3263 739 3312 sunt:
760 3251 829 3311 licet
849 3249 935 3327 igitur
953 3249 1077 3326 impune
1096 3246 1205 3308 oratori
1219 3267 1251 3315 30

200 3370 322 3412 omnem
343 3353 422 3412 hanc
443 3361 557 3429 partem
582 3349 653 3410 iuris
673 3369 735 3409 non
757 3347 938 3408 controversi
962 3346 1105 3424 ignorare,
1127 3364 1205 3422 quae

138 3462 185 3514 ²4²
200 3469 267 3527 pars
282 3447 346 3508 sine
361 3446 455 3508 dubio
477 3449 572 3508 multo
593 3446 722 3507 maxima
736 3456 781 3506 est
793 3467 802 3520 3
823 3444 854 3504 in
868 3464 906 3505 eo
919 3456 1020 3505 autem
1034 3442 1105 3515 iure,
1122 3442 1206 3519 quod

234 3619 266 3666 25
283 3620 313 3652 ac
326 3610 411 3652 tamen
423 3601 450 3650 P
457 3620 463 3652 ε
480 3609 594 3651 attamen
605 3601 673 3651 codd.
835 3615 865 3661 31
885 3615 938 3649 non
950 3596 1107 3648 controversi
1119 3594 1205 3644 Bake:

202 3671 228 3720 in
241 3668 423 3720 controversiis
434 3667 501 3717 codd.
515 3685 521 3717 z
538 3669 595 3718 sine
608 3666 791 3718 controversiis
802 3665 880 3716 Klots
