2648 4216
451 257 516 317 'DE
537 245 743 317 ORATORE
785 256 818 322 II
1148 255 1250 329 381612

128 439 221 501 quam
241 441 304 483 non
329 419 473 483 everterit.
517 422 577 482 Sed
602 422 661 482 hoc
685 420 782 482 maius
806 431 852 483 est
872 419 1018 500 quiddam
1044 440 1135 499 quam

128 518 168 578 ab
182 517 239 593 his,
253 517 305 596 qui
320 519 395 580 haec
409 520 530 579 tradunt
544 529 574 580 et
588 520 706 591 docent,
723 519 937 596 postulandum
952 518 998 579 sit

170 617 237 693 Ego
250 627 362 691 autem,
376 615 401 676 si
414 636 505 694 quem
524 636 605 677 nunc
624 618 713 695 plane
731 618 836 677 rudem
857 616 971 677 institui
984 618 1025 678 ad
1038 616 1138 678 dicen·
1154 655 1199 704 ,ω

129 715 203 774 dum
216 712 317 788 velim,
335 713 382 774 his
402 713 502 791 potius
523 715 638 775 tradam
659 712 793 775 adsiduis
814 735 876 775 uno
897 734 987 793 opere
1008 717 1136 776 eandem

102 810 271 880 sincudem
292 810 373 872 diem
395 822 576 888 noctemque
597 811 804 886 tundentibus,
819 811 871 889 qui
890 811 988 872 omnis
1003 810 1138 873 tenuissi-

129 929 194 970 mas
208 908 366 987 particulas
380 921 470 986 atque
484 909 586 969 omnia
600 908 725 969 minima
738 929 844 969 mansa
857 920 889 969 ut
904 909 1033 970 nutrices
1044 909 1138 969 infan-

129 1007 210 1068 tibus
224 1004 323 1084 pueris
337 1005 369 1065 in
388 1026 422 1066 os
441 1005 571 1067 inserant
580 1028 589 1081 ;
617 1006 664 1067 sin
685 1005 722 1066 sit
744 1005 777 1081 is,
794 1006 845 1085 qui
864 1018 894 1068 et
913 1007 1050 1068 doctrina
1064 1006 1137 1066 mihi

130 1103 288 1165 liberaliter
301 1103 454 1165 institutus
473 1114 503 1164 et
519 1103 620 1182 aliquo
641 1104 701 1165 iam
720 1103 854 1165 imbutus
873 1125 929 1164 usu
948 1116 978 1165 e't
992 1104 1062 1165 satis
1076 1103 1137 1165 acri

130 1200 251 1280 ingenio
275 1221 341 1262 esse
364 1201 509 1276 videatur,
530 1201 601 1262 illuc
625 1222 695 1263 eum
720 1201 841 1281 rapiam,
863 1202 917 1263 ubi
938 1223 1000 1263 non
1022 1204 1139 1263 seclusa

86 1325 118 1361 10
131 1299 230 1377 aliqua
243 1301 330 1360 acula
344 1310 487 1374 teneatur,
503 1301 557 1360 sed
571 1301 653 1360 unde
668 1299 839 1361 universum
854 1302 966 1361 flumen
981 1310 1116 1378 erumpat
1128 1321 1137 1374 ;

130 1397 182 1476 qui
210 1396 252 1457 illi
280 1396 359 1457 sedis
387 1407 417 1457 et
444 1396 530 1475 quasi
554 1397 707 1458 domicilia
730 1397 866 1458 omnium
894 1409 1136 1476 argumentorum

129 1505 345 1556 commonstret
372 1506 402 1556 et
429 1515 465 1555 ea
496 1495 624 1556 breviter
653 1494 788 1556 inlustret
815 1495 973 1574 verbisque
1003 1494 1134 1556 definiat

130 1593 214 1670 Quid
242 1592 323 1655 enim
347 1603 401 1666 est,
423 1592 455 1653 in
476 1613 538 1672 quo
565 1595 695 1669 haereat,
719 1593 771 1672 qui
793 1593 899 1654 viderit
927 1614 1028 1667 omne,
1052 1595 1136 1671 quod
1152 1600 1199 1663 ¹⁶3

129 1703 263 1752 sumatur
277 1691 308 1751 in
322 1691 457 1753 oratione
477 1703 529 1752 aut
545 1694 584 1752 ad
602 1692 792 1771 probandum
811 1693 916 1752 autad
931 1693 1135 1764 refellendum,

88 1812 117 1861 15
129 1800 181 1849 aut
195 1809 232 1849 ex
245 1810 277 1848 re
290 1809 344 1849 sua
357 1789 436 1848 sumi
450 1789 478 1848 vi
492 1801 582 1867 atque
599 1800 705 1851 natura
724 1801 775 1850 aut
795 1788 914 1851 adsumi
927 1788 1023 1850 soris?
1065 1784 1136 1868 [Ex]

130 1907 184 1948 sua
202 1886 242 1962 vi,
258 1907 328 1948 cum
347 1898 399 1947 aut
418 1908 464 1948 res
483 1907 561 1965 quae
582 1887 619 1948 sit
639 1899 702 1948 tota
721 1899 888 1966 quaeratur,
905 1898 956 1949 aut
975 1906 1042 1965 pars
1063 1884 1136 1959 eius,

129 1997 181 2045 aut
195 1986 374 2046 vocabulum
394 1987 478 2063 quod
497 1986 614 2058 habeat,
630 1997 681 2046 aut
698 1985 863 2065 quippiam,
877 2005 940 2046 rem
957 1984 1037 2044 illam
1053 1984 1137 2062 quod

129 2083 254 2162 attingat
263 2105 273 2159 ;
296 2083 478 2144 extrinsecus
496 2094 605 2156 autem,
621 2104 750 2157 cumea,
765 2103 843 2161 quae
862 2096 930 2144 sunt
950 2082 1021 2144 foris
1037 2101 1137 2161 neque

130 2183 253 2242 haerent
275 2180 307 2241 in
329 2180 371 2242 rei
393 2192 506 2253 natura,
529 2180 726 2259 conliguntur.
770 2180 801 2242 Si
823 2200 869 2242 res
893 2192 957 2242 tota
977 2178 1134 2259 quaeritur,
1151 2189 1199 2254 ¹⁶4

86 2301 119 2338 ao
131 2279 307 2341 definitione
334 2278 473 2340 universa
495 2278 539 2339 vis
562 2279 738 2356 explicanda
761 2290 814 2353 est,
840 2278 900 2339 sic:
933 2277 974 2338 ‘si
999 2276 1137 2339 maiestas

131 2388 176 2438 est
194 2377 362 2455 amplitudo
378 2397 414 2438 ac
435 2376 564 2456 dignitas
580 2376 714 2449 civitatis,
731 2376 756 2436 is
773 2396 840 2438 eam
859 2374 975 2450 minuit,
991 2374 1042 2454 qui
1060 2395 1139 2436 exer-

131 2474 224 2536 citum
238 2475 375 2536 hostibus
389 2474 493 2554 populi
508 2475 639 2536 Romani
656 2473 784 2547 tradidit,
801 2491 864 2535 non
875 2471 930 2551 qui
944 2493 1023 2545 eum,
1039 2472 1090 2552 qui
1105 2471 1137 2533 id

130 2572 256 2646 fecisset,
273 2572 377 2651 populi
393 2572 523 2634 Romani
541 2571 680 2651 potestati
699 2570 839 2632 tradidit'
880 2570 934 2632 Sin
954 2590 1030 2649 pars,
1051 2569 1200 2648 parti-165

131 2669 223 2742 tione,
248 2671 307 2730 hoc
335 2671 447 2730 modo:
479 2674 545 2729 ‘aut
572 2668 689 2730 senatui
715 2669 882 2748 parendum
910 2669 950 2728 de
977 2670 1071 2728 salute
1095 2665 1138 2727 rei

88 2788 119 2839 25
132 2767 271 2846 publicae
298 2767 354 2828 suit
380 2779 432 2827 aut
459 2767 541 2829 aliud
571 2767 729 2828 consilium
762 2765 979 2827 instituendum
1006 2776 1058 2825 aut
1085 2785 1140 2825 sua

132 2877 240 2943 sponte
264 2864 436 2926 faciendum
446 2887 455 2940 ;
482 2865 565 2926 aliud
583 2864 750 2937 consilium,
771 2864 952 2942 superbum3
976 2883 1072 2936 suum,
1088 2864 1139 2924 ad-

132 2982 239 3041 rogans
250 2984 259 3037 ;
293 2965 440 3026 utendum
476 2962 564 3041 igitur
597 2963 653 3024 suit
687 2961 813 3024 consilio
847 2963 986 3023 senatus.²
1036 2960 1067 3021 Si
1101 2981 1138 3022 ex

131 3061 287 3136 vocabulo,
314 3073 348 3121 ut
371 3062 490 3123 Carbo:
521 3060 562 3121 ‘si
585 3063 691 3122 consul
713 3071 767 3134 est,
789 3059 841 3138 qui
863 3058 992 3120 consulit
1015 3058 1135 3137 patriae,

132 3156 207 3235 quid
223 3158 306 3219 aliud
324 3158 395 3220 fecit
412 3158 588 3237 Opimius?'
630 3158 682 3219 Sin
703 3159 743 3219 ab
763 3178 808 3231 eo,
825 3159 908 3237 quod
926 3177 989 3218 rem
1010 3157 1134 3236 attingit,
1153 3168 1201 3221 166

87 3279 121 3329 30
133 3257 233 3334 plures
251 3266 321 3316 sunt
337 3268 578 3335 argumentorum
599 3258 686 3318 sedes
704 3276 740 3316 ac
758 3255 825 3327 loci,
841 3275 912 3315 nam
931 3265 961 3316 et
977 3254 1138 3316 coniuncta

166 3409 199 3457 M
208 3434 230 3452 =
243 3409 325 3459 ΑΕΗ
421 3426 436 3458 a
453 3418 481 3460 ut
492 3412 525 3460 ab
536 3412 577 3460 his
589 3409 612 3457 L
703 3413 720 3459 6
736 3426 826 3460 mansa
837 3426 888 3460 om.
902 3408 925 3457 L
992 3417 1020 3459 ut
1031 3412 1102 3460 aiunt
1114 3410 1137 3458 L

134 3477 210 3539 qqui
223 3475 300 3525 etL:
329 3477 391 3538 quid
408 3477 441 3526 de
457 3477 522 3525 ssia:
544 3476 633 3538 quide
648 3473 706 3524 Mm
773 3476 897 3525 mihiom.
912 3475 944 3523 M
1060 3491 1088 3535 14
1105 3478 1138 3524 ad

133 3544 293 3604 probandum
305 3550 351 3592 aut
367 3542 461 3593 adom.
475 3540 522 3591 M:
538 3549 582 3590 aut
599 3539 758 3604 probandum
769 3547 814 3589 aut
830 3539 1006 3602 repellendum
1018 3540 1139 3590 Fn'edrich

136 3624 169 3656 ao
185 3608 225 3657 vis
237 3624 287 3666 om.
299 3605 332 3653 M
403 3622 436 3668 ²3
452 3607 538 3657 sedin
550 3606 690 3669 partitione
702 3603 734 3653 M
806 3608 839 3655 ao
856 3607 954 3655 Carvos
967 3607 991 3653 ei
1004 3604 1036 3654 M
1106 3622 1139 3668 29

135 3674 176 3724 sin
188 3689 239 3722 om.
253 3672 285 3720 M
919 3709 920 3712 ,
