2648 4216
70 286 172 348 401⁸,
465 279 509 338 M.
531 278 659 338 Tum
681 279 913 341 crcunoms

187 443 250 504 fieri
272 465 341 506 cum
362 445 513 524 superiore
534 447 703 521 divortium,
720 446 752 507 in
769 446 957 508 concubinae
978 447 1080 508 locum
1102 448 1193 508 duce·

126 535 173 612 1824
187 544 290 602 retur?
340 545 428 603 Haec
451 542 540 620 igitur
563 554 594 604 et
618 546 726 605 horum
750 543 858 604 similia
881 544 945 604 iura
969 564 1041 604 suae
1065 543 1192 606 civitatis

187 637 373 715 ignorantem
390 652 523 701 ereetum
539 652 570 701 et
587 643 708 715 celsum,
723 641 813 701 alacri
830 652 860 701 et
876 652 1017 720 prompto
1033 662 1085 703 ore
1101 655 1192 720 atque

187 738 279 810 vultu,
294 739 354 797 huc
370 748 461 815 atque
477 737 548 798 illuc
564 737 731 800 intuentem
747 738 846 816 vagari
862 758 933 798 cum
950 759 1058 816 magna
1075 751 1192 800 caterva

187 844 251 894 toto
265 836 339 908 foro,
354 834 535 912 praesidium
549 835 708 896 clientibus
721 847 812 914 atque
829 856 918 914 opem
935 835 1039 896 amicis
1053 847 1084 896 et
1097 856 1191 915 prope
1205 857 1220 906 5

186 930 302 991 cunctis
316 931 430 992 civibus
441 935 540 993 lucem
553 933 654 1010 ingeni
665 944 695 994 et
706 933 812 994 consili
826 933 873 994 sui
886 932 1086 1012 porrigentem
1099 944 1191 1011 atque

158 1091 172 1132 1
186 1031 369 1102 tendentem,
385 1050 487 1090 nonne
501 1030 532 1090 in
546 1029 649 1108 primis
662 1030 843 1108 flagitiosum
857 1033 1026 1108 putandum
1040 1033 1109 1091 est?

228 1130 268 1187 Et
282 1127 425 1205 quoniam
443 1129 483 1188 de
504 1127 691 1205 impudentia
712 1127 782 1202 dixi,
798 1128 976 1205 castigemus
993 1127 1083 1189 etiam
1097 1126 1192 1205 segni-

187 1235 279 1285 tatem
293 1223 450 1286 hominum
464 1236 555 1303 atque
574 1225 710 1285 inertiam
720 1248 729 1300 3
749 1246 820 1286 narn
839 1225 865 1286 si
884 1236 962 1286 esset
983 1225 1039 1285 ista
1059 1224 1191 1302 cognitio

186 1321 257 1383 iuris
285 1341 394 1399 magna
419 1332 510 1400 atque
544 1321 680 1397 difficilis,
710 1334 811 1383 tamen
846 1321 980 1382 utilitatis
1014 1322 1190 1400 magnitudo
1207 1347 1237 1381 ro

187 1420 310 1480 deberet
330 1418 468 1480 homines
488 1421 529 1480 ad
549 1418 773 1497 suscipiendum
790 1418 928 1480 discendi
941 1419 1075 1479 laborem
1090 1417 1192 1496 impel-

130 1551 134 1560 ι
186 1518 264 1576 lere:
296 1518 358 1589 sed,
382 1536 402 1577 o
429 1515 462 1576 di
489 1515 679 1590 immortales,
703 1537 765 1578 non
793 1516 925 1577 dicerem
953 1519 1020 1589 hoc,
1049 1516 1191 1577 audiente

186 1615 337 1686 Scaevola,
354 1612 411 1673 nisi
424 1612 489 1690 ipse
502 1613 602 1674 dicere
621 1616 729 1675 soleret
748 1613 858 1674 nullius
872 1612 942 1674 artis
956 1613 1014 1673 sibi
1028 1613 1190 1674 faciliorem

125 1720 171 1771 186
186 1710 388 1789 cognitionem
415 1709 516 1772 videri.
574 1712 668 1787 Quod
695 1710 819 1788 quidem
846 1709 933 1770 certis
968 1711 1007 1771 de
1042 1710 1138 1771 causis
1172 1730 1191 1769 a

186 1807 334 1886 plerisque
354 1807 439 1868 aliter
458 1806 658 1868 existimatur:
688 1807 827 1885 primurn,
843 1807 914 1885 quia
937 1819 1052 1868 veteres
1073 1807 1124 1880 illi,
1137 1807 1189 1885 qui
1207 1835 1234 1884 15

186 1903 257 1964 huic
289 1903 430 1964 scientiae
464 1906 663 1982 praefuerunt,
693 1903 880 1965 obtinendae
910 1915 1001 1982 atque
1034 1905 1190 1980 augendae

186 2001 338 2080 potentiae
364 2022 436 2062 suae
464 2021 554 2063 causa
580 2001 745 2080 pervulgari
777 2013 872 2062 artem
899 2022 984 2063 suam
1013 2003 1191 2076 noluerunt3

185 2100 305 2174 deinde,
330 2112 434 2178 postea
458 2120 549 2178 quam
571 2111 617 2161 est
644 2100 768 2175 editum,
797 2099 938 2177 expositis
965 2119 984 2160 a
1006 2094 1191 2161 Cn.³F1avio

184 2197 314 2276 primum
328 2196 504 2271 actionibus
520 2197 595 2258 nulli
615 2200 743 2271 suerunt,
759 2197 812 2276 qui
831 2196 883 2258 illa
898 2196 1057 2257 artificiose
1076 2195 1191 2274 digesta

184 2295 347 2373 generatim
369 2306 603 2373 componerent;
633 2294 708 2356 nihil
732 2306 778 2356 est
802 2294 892 2368 enirn,
918 2296 1002 2372 quod
1029 2294 1069 2354 ad
1096 2305 1190 2354 artem
1206 2317 1236 2352 20

125 1168 170 1228 185

184 2391 277 2470 redigi
299 2391 401 2470 possit,
422 2391 479 2452 nisi
500 2392 551 2452 ille
572 2391 661 2469 prius,
686 2390 738 2471 qui
760 2391 810 2451 illa
831 2402 922 2464 tenet,
946 2410 1074 2469 quorum
1096 2402 1190 2450 artem

184 2488 338 2550 instituere
347 2491 418 2562 vult,
430 2489 521 2551 habet
534 2487 616 2548 illam
627 2487 792 2563 scientiam,
803 2498 837 2549 ut
851 2509 888 2548 ex
901 2487 944 2548 eis
953 2488 1051 2560 rebus,
1063 2507 1190 2565 quarum

123 2593 170 2656 187
184 2607 231 2647 ars
254 2588 390 2648 nondum
412 2585 457 2659 sit,
482 2597 577 2646 artem
604 2586 720 2646 efficere
748 2584 850 2663 possit.
895 2588 967 2645 Hoc
994 2583 1092 2657 video,
1115 2585 1188 2644 dum

186 2683 312 2744 breviter
324 2682 469 2744 voluerim
483 2681 590 2755 dicere,
607 2681 721 2743 dictum
735 2703 754 2742 a
767 2702 817 2742 me
831 2702 897 2742 esse
910 2684 1001 2760 paulo
1015 2680 1191 2754 obscurius;

131 2793 173 2853 42
185 2783 239 2842 sed
254 2781 384 2859 experiar
398 2792 427 2841 et
441 2780 549 2853 dicam,
565 2779 590 2840 si
604 2791 717 2858 potero,
733 2779 858 2858 planius,
902 2778 1014 2840 Omnia
1028 2780 1096 2851 sere,
1112 2798 1190 2855 quae
1205 2801 1234 2850 25

185 2889 255 2939 sunt
269 2880 411 2939 conclusa
429 2897 510 2938 nunc
529 2876 650 2951 artibus,
666 2877 800 2956 dispersa
821 2889 859 2938 et>
874 2875 1016 2954 dissipata
1035 2876 1190 2954 quondam

185 2977 323 3049 fuemnt3
351 2985 384 3035 ut
406 2973 437 3034 in
460 2974 581 3035 musicis
604 2973 720 3036 numeri
742 2986 772 3035 et
794 2994 884 3035 voces
906 2984 936 3035 et
955 2972 1057 3046 modi;
1078 2971 1109 3032 in
1123 2991 1191 3050 geo

186 3071 291 3133 metria
326 3071 514 3146 lineamenta,
539 3074 660 3146 formae,
689 3071 850 3146 intervalla,
879 3069 1100 3149 magnitudines
1111 3091 1120 3143 ς
1158 3067 1189 3127 in

185 3168 343 3246 astrologia
364 3169 439 3231 caeli
461 3169 624 3244 conversio,
640 3181 730 3243 ortus,
746 3169 846 3231 obitus
865 3181 1026 3246 motusque
1040 3167 1191 3240 siderum3

185 3267 217 3327 in
235 3267 433 3345 grammaticis
457 3281 612 3348 poetarum
631 3267 828 3346 pertractatio,
844 3267 1033 3329 historiarum
1047 3263 1188 3343 cognitio,
1204 3287 1236 3335 30

186 3365 344 3426 verborum
358 3365 569 3444 interpretatio,
585 3365 798 3445 pronuntiandi
817 3365 941 3444 quidam
955 3385 1067 3438 sonus;
1087 3362 1118 3423 in
1132 3364 1190 3422 hac

186 3461 317 3540 denique
337 3462 410 3543 ipsa·
422 3463 537 3525 ratione
558 3463 680 3525 dicendi
700 3462 875 3540 excogitare,
891 3482 1004 3535 ornare,
1020 3460 1188 3539 disponere,

222 3635 233 3668 1
252 3621 337 3669 locum
356 3630 429 3670 roca:
452 3620 508 3669 loco
523 3618 578 3668 LH
610 3648 612 3653 ,
713 3620 730 3668 Β
752 3620 906 3681 segnitatem
928 3635 959 3667 ex
977 3618 1066 3682 Noni),
1083 3624 1110 3682 p.
1127 3623 1188 3680 1'74:

187 3685 322 3748 segnitiem
333 3685 382 3734 erbe
392 3685 528 3747 segnitiam
539 3685 607 3734 codd.
1191 3714 1193 3716 ,
