2648 4216
83 259 124 320 47
137 269 189 318 204
481 246 524 304 M.
547 245 675 304 Tvurr
697 243 931 306 crearemus

200 413 339 476 facillime
353 435 407 476 vos
425 415 465 476 ad
484 435 527 488 ea,
544 434 622 493 quae
642 413 759 492 cupitis,
774 426 977 494 perventuros,
991 416 1032 475 ab
1049 415 1110 476 hoc
1122 412 1207 475 aditu

139 538 186 587 205
200 512 350 589 ianuaque
373 514 539 590 patefacta’
583 511 699 573 ‘Nobis
723 516 810 574 vero'
834 511 932 591 inquit
956 510 1105 590 Sulpicius
1134 511 1208 572 ‘ista

200 621 270 671 sunt
283 621 418 688 pergrata
431 630 545 688 perque
558 609 691 671 iucunda
702 631 711 685 3
739 611 794 671 sed
813 629 910 687 pauca
926 609 1017 670 etiam
1030 607 1208 687 requirimus

201 708 232 768 in
253 707 416 787 primisque
439 728 483 781 ea,
499 728 577 786 quae
599 709 687 769 valde
709 707 837 768 breviter
856 727 876 768 a
896 718 935 780 te,
950 707 1067 780 Crasse,
1085 708 1124 767 de
1142 705 1208 783 ipsa

199 817 262 867 arte
276 824 414 883 percursa
428 815 506 878 sunt,
522 825 592 866 cum
612 804 663 865 illa
683 815 714 864 te
734 816 764 865 et
785 824 848 865 non
869 815 1061 865 contemnere
1081 815 1112 863 et
1132 802 1235 874 didi-5

201 901 277 964 cisse
291 904 483 963 confiterere:
504 921 540 962 ea
554 901 579 962 si
593 903 685 979 paulo
703 899 791 962 latius
810 900 928 974 dixeris,
944 899 1069 978 expleris
1083 919 1206 961 omnem

200 999 453 1078 exspectationem
472 997 605 1060 diuturni
624 998 753 1060 desideri
773 997 867 1059 nostri
877 1020 886 1073 3
906 1018 977 1058 nam
991 1017 1080 1071 nunc,
1096 996 1207 1075 quibus

200 1098 384 1158 studendum
405 1098 495 1158 rebus
517 1106 596 1158 esset
619 1096 799 1174 accepimus,
815 1098 899 1174 quod
920 1095 1020 1174 ipsum
1040 1107 1206 1157 esttamen

200 1215 361 1272 magnum3
400 1195 455 1256 sed
482 1194 544 1255 vias
577 1214 679 1255 earum
707 1213 805 1255 rerum
833 1193 1040 1270 rationemque
1067 1192 1206 1270 cupimus

140 1305 186 1355 206
200 1293 398 1368 cognoscere!
441 1291 543 1367 ‘Quid
564 1290 608 1364 si,'
621 1290 719 1369 inquit
738 1291 863 1353 Crassus
885 1289 1045 1368 ‘quoniam
1063 1309 1128 1367 ego,
1144 1308 1206 1367 quo
1222 1310 1251 1346 ιο

199 1388 316 1449 facilius
329 1408 383 1450 vos
396 1390 479 1467 apud
493 1408 542 1449 me
556 1400 698 1462 tenerem,
713 1400 828 1449 vestrae
843 1386 943 1465 potius
962 1388 1124 1449 obsecutus
1138 1407 1206 1447 sum

199 1485 354 1559 voluntati,
370 1505 461 1564 quam
476 1497 529 1547 aut
543 1484 754 1547 consuetudini
767 1494 819 1546 aut
833 1495 956 1546 naturae
969 1504 1065 1558 meae,
1076 1483 1206 1562 petimus

200 1582 240 1644 ab
258 1582 401 1657 Antonio,
416 1594 450 1644 ut
469 1603 513 1656 ea,
528 1602 607 1661 quae
629 1580 763 1644 continet
783 1602 882 1660 neque
902 1583 1004 1642 adhuc
1023 1579 1155 1659 protulit,
1170 1600 1207 1641 ex

201 1678 310 1757 quibus
332 1699 427 1741 unum
452 1679 587 1740 libellum
611 1678 669 1740 sibi
693 1677 839 1740 excidisse
860 1678 921 1739 iam
945 1678 1062 1739 dudum
1083 1689 1206 1756 questus

200 1787 254 1849 est,
270 1776 397 1854 explicet
411 1775 499 1838 nobis
519 1787 548 1836 et
567 1776 618 1837 illa
638 1775 760 1838 dicendi
774 1775 913 1854 mysteria
926 1775 1099 1837 enuntieti'
1142 1777 1206 1837 ‘Ut
1222 1798 1230 1833 ι
1236 1800 1251 1850 5

199 1872 334 1946 videtur,'
361 1873 458 1952 inquit
490 1873 659 1952 Sulpicius3
694 1878 781 1934 ‘nam
805 1873 940 1935 Antonio
967 1872 1088 1934 dicente
1115 1871 1206 1934 etiam

138 1990 186 2044 207
199 1969 273 2048 quid
293 1981 326 2031 tu
343 1970 506 2048 intellegas,
522 1971 703 2032 sentiemus!
746 1974 838 2033 ‘Peto
852 1971 955 2049 igitur'
968 1971 1066 2050 inquit
1080 1972 1206 2034 Crassus

201 2073 235 2128 ‘a
263 2080 301 2141 te,
330 2068 473 2146 quoniam
501 2068 534 2129 id
561 2068 658 2142 nobis,
687 2068 811 2142 Antoni,
838 2068 1012 2130 hominibus
1039 2069 1072 2130 id
1098 2068 1205 2130 aetatis

199 2164 297 2226 oneris
321 2166 361 2225 ab
385 2167 493 2227 horum
517 2165 755 2226 adulescentium
780 2165 886 2227 studiis
906 2165 1078 2245 imponitur,
1103 2177 1137 2227 ut
1157 2187 1205 2228 ex-

199 2281 303 2339 ponas,
324 2261 397 2340 quid
418 2262 461 2324 eis
482 2264 521 2323 de
545 2263 644 2337 rebus,
659 2282 734 2341 quas
754 2274 816 2324 ate
837 2263 940 2342 quaeri
960 2263 1053 2338 vides,
1075 2263 1204 2325 sentias!
1219 2289 1251 2324 ιο

136 2365 178 2438 48
201 2361 448 2438 ‘Deprehensum
471 2359 612 2439 equidem
634 2363 698 2421 me’
713 2359 810 2439 inquit
828 2361 979 2423 Antonius
995 2364 1101 2439 ‘plane
1114 2361 1204 2423 video

198 2467 289 2534 atque
311 2456 417 2531 sentio,
433 2478 495 2519 non
509 2460 607 2518 solum
622 2460 706 2536 quod
718 2478 755 2519 ea
768 2458 957 2536 requiruntur
969 2479 988 2519 a
1002 2479 1059 2533 me,
1075 2479 1204 2538 quorum

199 2573 267 2613 sum
280 2553 398 2631 ignarus
420 2566 512 2633 atque
533 2555 674 2629 insolens,
690 2558 745 2617 sed
763 2555 842 2634 quia,
858 2557 941 2634 quod
959 2555 992 2616 in
1006 2555 1104 2618 causis
1116 2558 1205 2617 valde

199 2651 300 2728 sugere
324 2653 416 2725 soleo,
440 2672 479 2713 ne
503 2651 566 2726 tibi,
593 2653 709 2726 Crasse,
731 2655 901 2727 succedam,
926 2653 1030 2715 idme
1054 2675 1135 2715 nunc
1155 2653 1205 2716 isti

138 2761 184 2809 208
197 2747 290 2809 vitare
312 2769 374 2810 non
396 2749 518 2824 sinunt3
539 2770 643 2811 verum
662 2753 721 2812 hoc
739 2751 887 2830 ingrediar
899 2753 939 2813 ad
953 2772 998 2827 ea,
1013 2773 1091 2830 quae
1104 2752 1202 2827 vultis,
1218 2780 1248 2830 ²5

197 2845 349 2919 audacius,
365 2847 449 2924 quod
471 2846 552 2908 idern
575 2847 649 2908 mihi
668 2868 755 2926 spero
774 2869 830 2910 usu
849 2869 915 2910 esse
928 2861 1087 2910 venturum
1100 2848 1133 2909 in
1146 2851 1205 2910 hac

198 2942 408 3021 disputatione,
431 2945 515 3022 quod
539 2944 571 3004 in
595 2944 726 3007 dicendo
751 2949 835 3020 solet,
858 2948 995 3008 utnulla
1018 2959 1205 3026 exspectetur

198 3051 303 3101 ornata
326 3041 441 3103 oratio:
473 3062 572 3120 neque
596 3042 677 3103 enim
700 3063 767 3104 sum
791 3045 830 3105 de
857 3055 920 3104 arte
946 3044 1089 3119 dictunrs,
1111 3065 1204 3123 quam

199 3157 364 3215 numquam
386 3138 488 3213 didici,
504 3141 558 3201 sed
580 3142 620 3201 de
643 3161 711 3201 mea
733 3141 970 3217 consuetudine;
998 3140 1123 3220 ipsaque
1143 3141 1203 3216 illa,

199 3254 277 3313 quae
298 3233 329 3295 in
351 3237 599 3298 commentarium
621 3258 723 3299 meum
743 3239 850 3313 rettuli,
866 3251 936 3300 sunt
954 3239 1019 3300 eius
1033 3239 1125 3314 modi,
1140 3259 1204 3300 non
1218 3261 1250 3309 30

198 3331 299 3410 aliqua
321 3333 395 3393 mihi
417 3333 553 3395 doctrina
574 3335 690 3409 tradita,
713 3337 768 3397 sed
790 3336 821 3396 in
843 3357 941 3398 rerum
965 3358 1022 3398 usu
1045 3336 1205 3416 causisque

199 3441 341 3504 tractata;
369 3451 447 3509 quae
469 3430 494 3491 si
515 3431 609 3505 vobis,
625 3431 798 3494 hominibus
818 3433 1033 3508 eruditissimis,
1056 3454 1119 3495 non
1138 3453 1205 3512 pro

199 3528 358 3600 babuntur,
383 3538 511 3588 vestram
533 3527 721 3606 iniquitatem
744 3541 925 3605 accusatore,
950 3531 1064 3610 quiex
1091 3551 1140 3592 me
1168 3552 1205 3593 ea

251 3690 280 3738 η
298 3673 443 3736 intellegas,
456 3675 597 3725 sentiemus
607 3675 675 3726 codd.
686 3694 693 3728 z
711 3677 817 3733 sentias,
830 3679 1011 3741 intellegemus
1023 3679 1156 3728 Manutr'rss
