2648 4216
112 279 198 345 1980
487 273 531 331 M.
554 273 683 345 Tvnnr
706 273 939 336 clcaxorus

210 439 321 502 deinde
344 439 491 502 contraria
517 443 643 502 refutare
655 463 664 515 ;
693 452 757 501 tum
785 452 886 502 autem
914 440 964 501 alii
992 440 1218 504 conclusionem

210 537 352 599 orationis
373 550 403 600 et
421 537 506 617 quasi
525 538 745 616 perorationem
764 541 934 613 conlocant,
949 538 999 599 alii
1018 539 1132 613 iubent,
1148 552 1219 601 ante

210 655 301 714 quam
315 648 475 714 peroretur‚
497 636 625 698 ornandi
643 648 695 697 aut
708 635 839 715 augendi
853 657 944 699 causa
960 636 1082 715 digredi,
1106 637 1219 699 deinde

165 743 194 793 81
209 736 390 795 concludere
403 755 439 795 ac
453 754 597 812 perorare.
641 737 689 797 Ne
698 736 773 802 haec
787 733 911 812 quidem
920 736 1127 812 reprehendo;
1148 746 1218 795 sunt

210 831 290 893 enim
310 832 459 893 concinne
476 830 643 906 distributa,
666 834 720 893 sed
739 843 849 906 tamen,
865 831 897 893 id
918 833 1002 909 quod
1022 852 1145 893 necesse
1162 831 1245 903 suits

209 929 382 991 hominibus
412 930 583 1008 expertibus
614 930 752 1004 veritatis,
785 950 847 991 non
877 929 989 1007 perite:
1027 949 1105 1008 quae
1135 928 1216 990 enim

209 1039 367 1107 praecepta
381 1026 595 1106 principiorum
610 1038 640 1089 et
654 1027 858 1088 narrationum
872 1046 938 1087 esse
952 1028 1118 1098 voluerunt,
1135 1047 1171 1087 ea
1185 1025 1216 1085 in

163 1131 194 1180 82
209 1125 280 1186 totis
304 1126 488 1188 orationibus
512 1137 583 1186 sunt
604 1128 826 1200 conservanda;
854 1145 925 1185 nam
948 1145 1004 1203 ego
1027 1123 1102 1184 mihi
1126 1125 1216 1184 bene-

208 1226 310 1285 volum
333 1224 463 1285 iudicem
485 1223 599 1284 facilius
622 1226 718 1286 facere
739 1243 871 1302 possum,
893 1242 964 1291 cum
986 1242 1051 1282 sum
1073 1222 1215 1282 incursu

208 1321 359 1396 orationis,
381 1342 472 1401 quam
492 1341 562 1382 cum
581 1320 684 1382 omnia
702 1332 772 1382 sunt
785 1320 920 1388 inaudita
929 1342 938 1394 ;
967 1318 1098 1381 docilem
1112 1332 1214 1382 autem
1230 1341 1261 1378 ιο

207 1440 269 1480 non
284 1440 353 1480 curn
362 1419 506 1498 polliceor
520 1440 569 1481 me
584 1422 866 1493 demonstraturum,
872 1420 930 1480 sed
945 1429 1019 1492 tum,
1032 1437 1101 1487 curn
1116 1419 1214 1479 doceo

206 1529 237 1578 et
257 1520 384 1596 explano
394 1541 402 1592 3
431 1527 578 1580 attentum
599 1538 670 1579 vero
687 1514 816 1598 [crebro]
832 1527 895 1578 tota
913 1515 1033 1577 actione
1049 1513 1214 1576 excitandis

206 1615 359 1678 mentibus
373 1616 516 1690 iudicum,
533 1636 595 1677 non
609 1615 705 1693 prima
721 1614 950 1676 denuntiatione
972 1614 1089 1674 efficere
1110 1632 1214 1690 possu-

159 1722 190 1785 ⁸3
206 1734 280 1774 mus.
326 1716 392 1774 Iam
406 1734 477 1775 vero
491 1713 690 1774 narrationem
706 1714 789 1791 quod
806 1711 917 1773 iubent¹
928 1711 989 1772 veri
1004 1709 1132 1771 similem
1147 1730 1213 1771 esse

205 1823 235 1872 et
259 1823 393 1889 apertam
420 1823 450 1872 et
473 1811 603 1884 brevem,
629 1821 709 1872 recte
732 1830 788 1870 nos
810 1811 995 1870 admonent:
1031 1809 1114 1887 quod
1136 1809 1213 1868 haec
1229 1829 1258 1878 ¹5

204 1909 381 1970 narrationis
395 1907 489 1986 magis
502 1919 610 1985 putant
623 1928 690 1968 esse
707 1907 826 1986 propria
845 1927 937 1986 quam
952 1905 1044 1968 totius
1058 1905 1209 1978 orationis,

203 2008 291 2068 valde
312 2006 386 2066 mihi
407 2005 546 2067 videntur
567 2026 682 2079 errare;
711 2005 897 2083 omninoque
918 2004 949 2064 in
970 2006 1030 2065 hoc
1048 2003 1146 2064 omnis
1165 2016 1211 2064 est

204 2124 291 2176 error,
316 2106 399 2183 quod
422 2103 592 2165 existimant
614 2103 771 2165 artificium
796 2123 862 2166 esse
886 2104 946 2164 hoc
968 2104 1124 2180 quoddam
1147 2122 1209 2163 non

204 2200 347 2264 dissimile
361 2214 536 2276 ceterorum,
553 2201 638 2262 cuius
657 2200 741 2263 modi
760 2204 800 2263 de
816 2201 882 2280 ipso
897 2200 960 2262 iure
974 2199 1054 2262 civili
1067 2202 1209 2261 hesterno

203 2298 252 2360 die
262 2300 387 2361 Crassus
395 2299 537 2378 componi
548 2320 637 2378 posse
646 2299 783 2361 dicebat:
805 2311 838 2360 ut
851 2320 961 2378 genera
969 2319 1067 2360 rerum
1078 2297 1208 2377 primum
1224 2318 1255 2352 πο

202 2409 427 2476 exponerentur,
451 2397 483 2457 in
507 2418 569 2476 quo
590 2397 695 2458 vitium
720 2409 772 2472 est,
799 2397 824 2458 si
844 2417 939 2476 genus
963 2399 1058 2457 ullum
1082 2408 1209 2475 praeter-

202 2495 345 2570 mittitur;
374 2494 485 2557 deinde
513 2494 696 2573 singulorum
724 2506 822 2574 partes
850 2515 1001 2573 generum,
1032 2494 1063 2553 in
1087 2514 1149 2572 quo
1178 2506 1208 2554 et

201 2595 307 2656 deesse
328 2592 459 2671 aliquam
481 2603 596 2671 partem
624 2604 655 2654 et
682 2612 820 2671 superare
842 2595 1023 2654 mendosum
1048 2602 1111 2666 est;
1131 2603 1206 2658 ¹tum

145 2745 187 2793 ,ο
200 2690 359 2752 verborum
387 2689 523 2752 omnium
551 2690 750 2765 definitiones,
776 2690 808 2750 in
836 2690 946 2769 quibus
973 2710 1074 2768 neque
1100 2689 1206 2752 abesse

155 2826 169 2874 8
171 2839 187 2888 4
201 2788 362 2867 quicquam
377 2789 465 2850 decet
478 2808 577 2866 neque
592 2790 767 2850 redundare.
811 2790 872 2850 Sed
886 2789 945 2848 hoc
954 2786 979 2847 si
993 2787 1025 2847 in
1039 2787 1102 2848 iure
1116 2787 1204 2861 civili,
1222 2803 1250 2851 25

200 2885 224 2946 si
239 2886 329 2946 etiam
350 2885 381 2946 in
402 2885 499 2965 parvis
515 2897 567 2946 aut
586 2885 787 2949 mediocribus
804 2887 893 2946 rebus
912 2885 1061 2947 doctiores
1079 2887 1206 2964 adsequi

198 2995 332 3060 possunt,
349 3003 411 3044 non
429 2983 510 3044 idem
530 2983 627 3045 sentio
650 2994 732 3044 tanta
751 2985 808 3045 hac
822 2983 853 3044 in
872 3004 904 3043 re
918 2994 1040 3061 tamque
1058 2982 1205 3045 immensa

198 3099 286 3157 posse
305 3081 389 3156 fieri;
418 3081 464 3142 sin
483 3092 584 3142 autem
605 3081 658 3160 qui
678 3081 864 3155 arbitrantur,
886 3080 1058 3143 deducendi
1076 3092 1146 3142 sunt
1163 3084 1204 3142 ad

197 3198 258 3251 eos,
284 3178 336 3257 qui
359 3181 434 3241 haec
458 3182 588 3254 docent;
618 3179 720 3241 omnia
744 3178 804 3240 iam
832 3179 977 3258 explicata
1004 3190 1035 3241 et
1057 3179 1204 3258 perpolita

196 3278 420 3354 adsequentur·;
455 3288 525 3338 sunt
546 3276 627 3338 enim
648 3276 880 3338 innumerabiles
898 3278 937 3337 de
957 3276 1004 3337 his
1025 3277 1114 3338 rebus
1135 3276 1202 3338 libri
1217 3291 1248 3338 3⁰

196 3393 296 3451 neque
316 3373 411 3435 abditi
430 3394 530 3453 neque
549 3374 689 3436 obscuri:
718 3377 772 3436 sed
789 3373 911 3434 videant
928 3373 1002 3453 quid
1018 3374 1131 3449 velint3
1162 3378 1202 3438 ad

228 3531 261 3579 M
271 3555 293 3574 =
304 3529 390 3580 ΑΕΗ
468 3548 484 3594 3
501 3531 625 3597 augendi]
642 3533 736 3595 egendi
755 3531 788 3580 M
900 3534 917 3580 6
935 3547 987 3580 non
999 3532 1071 3594 periv
1086 3532 1118 3580 H
1124 3549 1129 3580 r
1148 3547 1200 3581 non

195 3601 252 3658 perl
264 3604 290 3645 te
301 3597 326 3644 A
397 3611 426 3645 ra
443 3599 535 3647 crebro
546 3599 613 3662 vulg.
626 3614 631 3647 :
650 3599 728 3647 credo
740 3597 799 3645 Mm
866 3612 896 3645 αι
912 3597 1131 3659 praetermittatur
1143 3613 1197 3646 reor.

194 3664 228 3709 26
244 3663 364 3711 doctores
381 3661 467 3714 codd:
483 3679 545 3713 corr.
565 3662 708 3712 Lambinus
806 3677 840 3724 3ο
855 3664 1031 3724 adaequentur
1047 3661 1100 3710 ΑΕ
1108 3678 1114 3710 :
1138 3677 1198 3712 con·

193 3734 336 3790 sequentur
346 3726 379 3774 H
473 3743 504 3790 31
524 3743 608 3792 neque
619 3728 699 3778 abditi
710 3743 760 3777 om.
775 3727 808 3775 M
