2648 4216
80 290 182 353 8917?
473 276 517 336 Μ.
539 276 668 335 TVLLI
690 274 922 337 CICERONIS

194 442 402 520 applicationis
410 445 571 505 obscurum
582 464 654 505 sane
664 454 694 504 et
704 442 841 521 ignotum
852 443 1199 523 patefactuminiudicio

134 547 180 609 178
194 552 285 618 atque
303 541 490 602 inlustratum
507 553 553 602 est
569 562 589 602 a
606 544 757 619 patrono?
797 540 904 617 Quid?
930 561 1034 619 nuper,
1052 562 1122 603 cum
1141 561 1199 619 ego

194 638 228 699 C.
253 637 336 716 Sergi
359 639 469 701 Oratae
496 649 600 699 contra
626 641 709 700 hunc
735 648 872 700 nostrum
894 639 1063 700 Antonium
1086 639 1199 701 iudicio

193 732 309 811 privato
333 755 453 796 causam
477 737 680 810 defenderem,
703 755 807 797 nonne
830 734 930 797 omnis
954 746 1056 796 nostra
1078 734 1111 796 in
1134 735 1198 797 iure

194 843 309 892 versata
329 833 465 894 defensio
486 836 554 894 est?
595 835 675 896 Cum
696 833 778 894 enim
803 835 847 894 M.
869 831 985 894 Marius
1005 832 1226 898 Gratidianuss

193 929 277 991 aedis
304 931 415 992 Oratae
441 930 624 993 vendidisset
652 951 751 1010 neque
778 930 888 992 servire
914 933 1067 1010 quandam
1094 951 1197 993 earum

192 1026 314 1087 aedium
341 1040 455 1106 partem
482 1028 514 1089 in
542 1027 673 1107 mancipi
700 1031 766 1106 lege
793 1026 924 1102 dixisset,
949 1029 1196 1103 defendebamus,

193 1122 337 1201 quicquid
364 1123 468 1185 fuisset
494 1123 681 1186 incommodi
709 1124 741 1185 in
769 1124 929 1202 mancipio,
954 1124 987 1186 id
1011 1124 1037 1186 si
1060 1124 1197 1186 venditor

131 1239 177 1295 179
192 1220 295 1281 scisset
309 1242 408 1300 neque
421 1224 609 1296 declarasset,
618 1233 766 1301 praestare
777 1222 896 1284 debere.
939 1223 1013 1298 Quo
1026 1221 1149 1300 quidem
1164 1222 1195 1283 in

191 1338 299 1395 genere
323 1319 473 1381 familiaris
496 1332 598 1383 noster
621 1323 665 1381 M.
690 1319 860 1394 Buculeius,
886 1322 980 1381 homo
1005 1340 1104 1399 neque
1126 1341 1195 1382 meo
1211 1343 1245 1379 ιο

191 1413 304 1475 iudicio
324 1420 431 1477 stultus
452 1428 483 1478 et
503 1437 559 1478 suo
580 1419 667 1478 valde
684 1416 803 1495 sapiens
820 1429 850 1478 et
870 1418 911 1477 ab
927 1416 998 1478 iuris
1015 1417 1116 1478 studio
1133 1438 1195 1478 non

190 1512 362 1588 abhonens,
378 1513 467 1575 simili
482 1512 526 1596 [in
543 1513 587 1596 re]
603 1517 735 1593 quodam
755 1516 849 1576 modo
867 1529 963 1593 nuper
980 1514 1103 1576 erravit:
1124 1535 1195 1575 nam

190 1629 260 1670 cum
277 1611 360 1673 aedis
382 1615 415 1673 L
433 1614 520 1674 Fufio
535 1614 686 1686 venderet,
705 1611 736 1672 in
757 1610 909 1688 mancipio
928 1610 1050 1685 lumina,
1068 1609 1112 1672 uti
1130 1622 1195 1672 tum

189 1720 298 1783 essent,
323 1709 365 1770 ita
390 1709 522 1788 recepit3
549 1711 652 1770 Fufius
675 1721 786 1782 autem,
810 1708 899 1769 simul
926 1720 1018 1787 atque
1044 1707 1195 1769 aedificari

189 1818 331 1884 coeptum
353 1817 399 1867 est
422 1806 454 1867 in
478 1808 609 1886 quadam
633 1817 716 1884 parte
738 1805 829 1879 urbis,
853 1825 931 1884 quae
958 1807 1052 1866 modo
1076 1826 1112 1866 ex
1135 1805 1193 1866 illis
1210 1831 1239 1881 15

188 1902 315 1963 aedibus
338 1902 471 1981 conspici
493 1913 603 1981 posset,
626 1901 686 1980 egit
706 1901 806 1963 statim
828 1922 898 1963 cum
924 1901 1078 1976 Buculeio,
1100 1904 1192 1980 quod,

189 1999 369 2077 cuicumque
382 1999 544 2078 particulae
558 1999 633 2060 caeli
647 2000 821 2073 efficeretur,
837 1997 974 2077 quamvis
988 2010 1067 2061 esset
1080 2000 1194 2078 procul,

129 2109 175 2158 180
189 2096 296 2157 mutari
324 2097 438 2158 lumina
465 2099 596 2177 putabat.
641 2096 725 2174 Quid
749 2098 842 2158 vero?
870 2095 1033 2157 clarissima
1058 2099 1110 2156 Μ’.
1121 2095 1194 2159 Curi

188 2214 279 2255 causa
312 2194 468 2273 Marcique
499 2193 619 2272 Coponi
653 2214 750 2271 nuper
783 2194 865 2272 apud
900 2192 1102 2255 centumviros
1132 2214 1194 2272 quo

189 2311 337 2353 concursu
357 2291 524 2366 hominum,
542 2312 603 2370 qua
619 2290 841 2370 exspectatione
861 2291 986 2352 defensa
1006 2293 1073 2352 est?
1114 2293 1193 2354 Cum
1210 2315 1241 2349 20

189 2391 227 2465 Q.
244 2391 395 2464 Scaevola,
414 2389 547 2468 aequalis
569 2399 599 2450 et
621 2391 746 2467 conlega
770 2408 864 2462 meus,
887 2390 981 2449 homo
1003 2387 1139 2449 omnium
1164 2400 1194 2449 et

188 2485 347 2566 disciplina
360 2486 430 2548 iuris
444 2485 538 2547 civilis
552 2484 769 2547 eruditissimus
788 2496 818 2547 et
837 2484 959 2563 ingenio
975 2484 1194 2563 prudentiaque

188 2584 376 2646 acutissimus
389 2593 419 2646 et
433 2582 567 2644 oratione
582 2582 709 2643 maxime
724 2582 843 2643 limatus
857 2593 948 2661 atque
963 2581 1079 2643 subtilis
1092 2593 1192 2660 atque,

188 2692 220 2741 ut
242 2702 299 2760 ego
321 2683 404 2742 soleo
428 2680 535 2754 dicere,
559 2679 815 2759 iurisperitorum
839 2678 1110 2758 eloquentissimus,
1134 2682 1194 2741 elo

188 2778 343 2856 quentium
364 2777 435 2839 iuris
455 2777 658 2855 peritissimus,
675 2798 712 2838 ex
732 2777 843 2856 scripto
864 2788 1110 2839 testamentorum
1128 2776 1192 2838 iura
1208 2798 1238 2847 25

188 2877 360 2935 defenderet
375 2886 562 2952 negaretque,
579 2874 636 2936 nisi
650 2885 808 2953 postumus
822 2885 852 2935 et
864 2887 951 2935 natus
965 2883 1004 2948 et,
1019 2885 1089 2935 ante
1100 2894 1192 2953 quam

186 2969 218 3030 in
237 2991 321 3031 suam
339 2972 462 3031 tutelam
479 2970 600 3045 veniret,
619 2982 755 3032 mortuus
772 2981 859 3045 esset,
878 2973 1019 3032 heredem
1036 2991 1106 3032 eum
1125 2991 1192 3033 esse

186 3086 283 3144 posse,
299 3065 351 3144 qui
367 3078 445 3128 esset
463 3070 629 3129 secundum
643 3079 818 3146 postumum
832 3078 862 3129 et
877 3079 980 3128 natum
995 3078 1025 3128 et
1039 3079 1191 3129 mortuum

185 3165 271 3223 heres
282 3162 453 3239 institutus3
469 3185 525 3243 ego
535 3175 636 3226 autem
647 3166 840 3226 defenderem
855 3185 925 3225 eum
940 3165 1075 3226 hactum
1089 3177 1191 3227 mente

185 3259 284 3334 fuisse,
297 3259 347 3338 qui
363 3270 574 3323 testamentum
588 3260 715 3334 fecisset,
727 3272 769 3334 ut,
781 3260 807 3321 si
821 3260 899 3322 filius
913 3281 975 3321 non
990 3272 1083 3334 esset,
1092 3261 1145 3340 qui
1158 3261 1190 3322 in
1206 3281 1238 3330 30

185 3377 271 3418 suam
292 3359 415 3418 tutelam
432 3357 554 3432 veniret,
574 3360 624 3418 Μ’.
642 3356 751 3421 Curius
769 3369 848 3418 esset
864 3359 959 3432 heres,
983 3378 1057 3418 num
1075 3357 1190 3420 destitit

185 3466 310 3533 uterque
327 3466 462 3516 nostrum
479 3454 510 3515 in
527 3475 564 3516 ea
579 3476 670 3517 causa
687 3453 718 3514 in
737 3453 972 3528 auctoritatibus,
988 3452 1019 3515 in
1036 3455 1188 3533 exemplis,

217 3627 233 3673 4
251 3612 277 3660 in
302 3610 358 3659 iure
376 3617 478 3660 versata
496 3626 545 3659 om·
566 3607 602 3658 M.
737 3624 768 3658 12
785 3609 811 3657 in
830 3624 859 3657 re
880 3608 966 3659 om.L
1103 3625 1133 3672 14
1143 3625 1188 3660 ex·

184 3677 316 3727 aedificari
327 3676 359 3724 H
