2648 4216
81 288 121 352 37
140 300 184 351 ¹5²
478 275 522 334 Μ.
534 273 674 333 'TVLLI
696 272 929 336 CICERONIS

198 454 297 503 orator
311 440 385 502 etin
400 460 461 519 quo
480 440 624 518 adiungat
642 451 744 513 artem,
760 439 792 500 id
809 459 875 501 esse
894 437 982 501 nobis
997 440 1206 518 quaerendum

143 536 183 610 38
199 536 301 620 [atque
329 535 554 620 explicandum]
579 537 704 600 videtur.
747 536 820 598 Tria
845 548 917 598 sunt
942 535 1031 615 igitur
1055 538 1087 598 in
1110 537 1207 598 verbo

197 635 333 713 simplici,
355 655 432 713 quae
453 647 554 696 orator
572 636 688 696 adferat
707 637 747 696 ad
768 635 985 696 inlustrandam
1010 646 1101 713 atque
1123 655 1207 695 exor-

197 734 329 793 nandam
354 733 538 794 orationem:
567 743 620 793 aut
641 730 816 793 inusitatum
836 732 962 793 verbum
987 743 1039 792 aut
1059 742 1206 792 novatum

136 848 183 899 ¹53
196 840 248 890 aut
268 832 450 891 translatum.
495 830 644 891 Inusitata
662 841 732 891 sunt
750 830 848 908 prisca
866 832 928 890 fere
945 849 982 890 ac
995 840 1144 890 vetustate
1164 829 1234 898 abs

196 949 253 989 usu
267 929 411 990 cotidiani
430 929 576 990 sermonis
596 927 724 989 iamdiu
742 928 919 1002 intermissa,
935 947 1013 1006 quae
1032 939 1103 988 sunt
1121 938 1207 1006 poet·

195 1049 280 1089 arum
309 1028 447 1090 licentiae
474 1027 613 1091 liberiora
636 1048 728 1108 quam
756 1039 894 1104 nostrae3
925 1030 981 1089 sed
1007 1038 1111 1088 tamen
1138 1047 1206 1088 raro

196 1127 289 1188 habet
298 1127 390 1189 etiam
400 1127 431 1187 in
444 1127 578 1189 oratione
589 1126 742 1207 poeticum
750 1126 874 1208 aliquod
882 1128 1007 1188 verbum
1016 1125 1204 1204 dignitatem.

196 1227 305 1304 Neque
319 1225 400 1287 enim
415 1225 490 1287 illud
504 1224 629 1306 fugerim
639 1225 747 1300 dicere,
760 1236 794 1286 ut
805 1225 925 1289 Caelius
936 1229 1012 1304 ‘qua
1025 1235 1207 1303 tempestate

197 1325 317 1385 Poenus
336 1323 368 1383 in
388 1324 508 1385 Italiam
525 1322 627 1400 venit,'
644 1345 701 1386 nec
723 1324 870 1403 ‘prolem'
887 1334 940 1384 aut
962 1322 1133 1384 ‘subolem'
1152 1333 1206 1383 aut
1220 1341 1248 1378 ro

199 1419 313 1480 ‘effari'
341 1432 393 1481 aut
422 1424 628 1501 ‘nuncupare'
655 1433 715 1497 aut,
745 1433 779 1482 ut
806 1432 839 1482 tu
867 1423 956 1495 soles,
981 1421 1096 1492 Catule,
1126 1422 1205 1479 ‘non

197 1517 301 1578 rebar’
315 1528 367 1578 aut
387 1517 582 1597 ‘opinabar’;
604 1529 662 1579 aut
682 1522 862 1592 alramulta,
878 1517 989 1597 quibus
1009 1519 1078 1577 loco
1098 1515 1205 1594 positis

141 1639 184 1693 ‚54
198 1614 338 1692 grandior
351 1625 442 1692 atque
460 1615 612 1696 antiquior
624 1615 721 1678 oratio
738 1636 830 1696 saepe
842 1614 936 1676 videri
955 1616 1040 1676 solet
1083 1615 1207 1674 Novan-

198 1721 246 1771 tur
266 1723 367 1772 autem
388 1712 487 1786 verba,
503 1731 582 1792 quae
601 1712 641 1773 ab
661 1734 708 1786 eo,
723 1715 775 1790 qui
796 1711 877 1787 dicit,
898 1711 966 1790 ipso
986 1710 1148 1790 gignuntur
1168 1731 1205 1772 ac

196 1810 281 1882 fiunt,
297 1811 345 1870 vel
359 1807 577 1886 coniungendis
591 1807 698 1881 verbis,
709 1820 744 1869 ut
758 1810 852 1870 haec:
1219 1830 1247 1880 15

237 1916 302 1965 tum
319 1926 412 1984 pavor
425 1904 602 1983 sapientiam
616 1924 739 1967 omnem
753 1903 795 1967 mi
809 1906 979 1968 exanimato
993 1916 1174 1986 expectorat.

239 2023 312 2063 num
327 2022 388 2063 non
403 2002 448 2062 vis
462 2001 551 2063 huius
565 2022 616 2064 nre
628 2002 846 2084 versutiloquas
860 2003 990 2064 malitias
1010 2049 1018 2064 .
1041 2049 1048 2064 .
1071 2048 1079 2063 .

197 2097 305 2160 videtis
327 2099 407 2159 enim
429 2109 461 2160 et
480 2099 728 2179 ‘versutiloquas’
747 2109 779 2160 et
798 2102 1002 2179 ‘expectorat’
1022 2121 1060 2161 ex
1080 2100 1206 2162 coniun-

198 2196 299 2258 ctione
316 2198 395 2257 iacta
412 2217 478 2258 esse
496 2197 595 2270 verba,
611 2217 674 2258 non
689 2207 761 2258 nata
769 2218 779 2272 ς
802 2198 857 2260 sed
878 2217 968 2276 saepe
986 2201 1034 2260 vel
1054 2197 1119 2259 sine
1134 2218 1206 2260 con-

199 2292 353 2355 iunctione
374 2294 466 2354 verba
484 2304 634 2355 novantur
653 2303 687 2354 ut
713 2293 781 2356 ‘ille
801 2293 902 2354 senius
924 2297 1077 2370 desertus,'
1098 2307 1132 2356 ut
1156 2295 1205 2356 ‘di
1220 2316 1250 2352 πο

137 2416 185 2470 ¹55
199 2389 361 2468 genitales,'
375 2402 409 2452 ut
424 2391 583 2452 ‘bacarum
597 2391 733 2452 ubertate
751 2391 975 2453 incurvescere’
1015 2390 1135 2453 Tertius
1155 2391 1205 2453 ille

200 2489 309 2548 modus
324 2487 519 2549 transferendi
533 2485 616 2549 verbi
629 2490 690 2548 late
704 2498 795 2567 patet,
810 2509 902 2567 quem
920 2488 1081 2550 necessitas
1100 2489 1205 2566 genuit

198 2583 300 2663 inopia
315 2595 419 2645 coacta
433 2595 463 2645 et
476 2583 628 2662 angustiis,
646 2595 714 2664 post
728 2596 829 2645 autem
847 2584 1019 2647 iucunditas
1032 2586 1206 2647 delectatio

198 2702 258 2760 que
286 2681 453 2743 celebravit.
498 2685 578 2743 Nam
602 2693 636 2743 ut
660 2685 750 2744 vestis
771 2680 885 2760 trigoris
912 2681 1085 2762 depellendi
1111 2703 1205 2744 causa

197 2790 313 2857 reperta
333 2778 439 2857 primo,
453 2790 523 2856 post
543 2776 679 2839 adhiberi
700 2789 808 2857 coepta
826 2791 873 2840 est
891 2782 932 2841 ad
951 2791 1090 2841 ornatum
1110 2780 1203 2841 etiam
1219 2800 1248 2851 ²⁵

196 2875 329 2953 corporis
358 2888 388 2936 et
415 2875 600 2954 dignitatem,
630 2874 674 2936 sic
699 2873 783 2935 verbi
809 2875 962 2937 translatio
994 2875 1130 2936 instituta
1158 2887 1204 2937 est

197 2972 317 3050 inopiae
345 2993 443 3047 causa,
469 2976 657 3051 frequentata
683 2972 898 3034 delectationis.
943 2977 1023 3035 Nam
1050 2994 1205 3052 gemmare

214 3126 392 3186 M=AEH
490 3129 701 3193 ranobisvulg.
791 3137 901 3192 aatque
913 3130 1095 3194 explicandum
1106 3130 1208 3179 om.M

198 3207 213 3253 5
231 3209 262 3241 ac
274 3201 404 3242 vetustate
421 3195 495 3243 Am:
523 3211 553 3243 ac
564 3201 665 3244 vetusta
676 3194 723 3244 H:
746 3202 849 3244 vetusta
861 3202 889 3243 et
900 3196 941 3244 P:
963 3213 993 3244 ac
1004 3204 1107 3243 vetusta
1125 3205 1152 3245 et
1165 3197 1204 3246 Οε

197 3275 214 3319 9
232 3258 335 3308 Laelius
346 3259 434 3309 coda:
451 3259 562 3309 Celiuse
648 3276 675 3308 11
694 3261 742 3309 sari
753 3259 777 3307 L
790 3262 858 3321 vulf.
869 3260 956 3322 Quint.
969 3261 1021 3310 viii.
1036 3276 1060 3320 3.
1069 3277 1100 3322 27
1172 3279 1204 3310 12

196 3325 305 3372 verebar
316 3323 387 3372 Muu
400 3327 517 3387 ‘sortasse
531 3326 608 3374 verior
624 3333 661 3374 est
673 3325 810 3390 sm'ptura'
821 3324 923 3374 Ellendt
1037 3333 1081 3374 aut
1092 3326 1143 3375 alia
1155 3326 1190 3376 M
1198 3346 1204 3376 :

197 3389 319 3438 etaliaL
401 3393 431 3452 ¹⁶.
448 3391 594 3440 exanimato
605 3407 655 3439 om.
670 3391 702 3439 H
758 3393 976 3454 expectaratAm
1056 3407 1085 3452 17
1103 3408 1136 3439 an
1149 3408 1204 3442 non

198 3456 290 3504 novisti
304 3456 380 3506 huius
390 3455 494 3505 Ribbeck
577 3472 607 3519 19
623 3456 790 3520 VelsaepeL
804 3458 871 3520 vulg.
966 3473 999 3504 20
1013 3457 1092 3505 verba
1104 3473 1203 3507 novan-

198 3520 295 3570 tur‘del.
303 3519 448 3572 Lambinus
492 3521 631 3571 sensuer
643 3522 689 3570 alii
730 3525 849 3571 desertus
858 3538 908 3572 om.
919 3538 986 3583 μοι
994 3524 1075 3584 vulga:
1087 3522 1204 3572 disertus

196 3583 272 3633 H‘La
339 3588 392 3636 vidi
404 3586 440 3636 Le
546 3604 575 3637 ar
596 3586 731 3638 utom.M
793 3604 914 3638 vacarum
925 3588 1012 3636 HAe:
1028 3587 1203 3637 baccarumL

197 3650 375 3702 incurvascere
387 3652 429 3702 H:
442 3654 622 3703 incurbescere
630 3653 655 3701 A
665 3672 671 3703 ι
683 3654 854 3702 incurviscere
862 3653 963 3702 Nonius
1021 3669 1053 3701 aa
1064 3653 1137 3702 verbi
1149 3653 1204 3702 late

196 3717 283 3780 vulg.:
300 3717 453 3768 veritateM
461 3736 468 3768 ι
484 3720 610 3768 varietate
622 3719 664 3769 loe.
748 3734 780 3780 23
797 3726 855 3768 acta
868 3717 900 3766 Μ
963 3734 994 3781 27
1013 3717 1208 3782 frequentina
