2648 4216
463 256 507 316 M.
530 255 658 315 TVLLI
680 253 914 316 CICERONIS

185 421 375 501 explicemus,
391 423 445 485 sed
454 432 493 484 >ut
506 418 687 483 doctissimis
704 418 878 481 hominibus
901 438 974 480 usus
994 415 1088 480 nostri
1107 414 1193 496 quasi

186 522 335 599 quaedam
356 519 472 581 monita
491 520 651 581 tradamus
695 517 758 579 Hic
781 516 869 596 igitur
888 515 963 577 locis
984 515 1017 577 in
1041 526 1143 576 mente
1163 525 1194 576 et

187 616 367 696 cogitatione
381 615 486 678 defixis
505 628 535 678 et
554 615 586 677 in
606 613 690 677 omni
709 635 742 677 re
762 616 802 676 ad
822 613 987 676 dicendum
1007 612 1106 692 posita
1119 611 1195 674 exci-

188 713 264 787 tatis,
280 713 355 774 nihil
373 713 428 775 erit
448 715 532 792 quod
550 724 698 776 oratorem
716 714 845 790 effugere
865 710 960 790 possit
978 731 1041 772 non
1055 712 1149 771 modo
1163 709 1195 769 in

188 810 356 873 forensibus
384 809 659 890 disceptationibus,
689 811 744 872 sed
777 808 903 870 omnino
929 808 962 869 in
992 810 1055 869 ullo
1086 826 1224 885 generes

128 925 175 989 ηδ
189 909 318 971 dicendi.
362 909 394 970 si
414 930 485 971 vero
506 911 694 988 adsequetur,
714 918 749 969 ut
769 907 836 970 talis
857 906 1001 981 videatur,
1021 909 1142 985 qualem
1163 926 1196 967 se

189 1007 282 1069 videri
302 1006 373 1068 velit
393 1018 424 1068 et
443 1007 561 1068 animos
582 1026 686 1068 eorum
710 1005 752 1066 ita
775 1004 903 1078 adficiat,
922 1007 1004 1084 apud
1021 1023 1098 1081 quos
1119 1014 1194 1081 aget,

189 1116 222 1165 ut
243 1125 295 1166 eos
315 1124 507 1183 quocumque
526 1104 597 1166 velit
616 1107 663 1166 vel
681 1105 797 1166 trahere
816 1105 864 1164 vel
881 1123 984 1182 rapere
1002 1101 1105 1181 possit,
1121 1100 1197 1161 nihil

190 1205 324 1280 profecto
338 1214 490 1280 praeterea
503 1205 542 1264 ad
557 1203 721 1264 dicendum
735 1201 871 1280 requiret

232 1302 297 1360 lam
320 1299 395 1361 illud
415 1298 552 1361 videmus
576 1319 767 1379 nequaquam
795 1298 866 1360 satis
889 1319 955 1360 esse
975 1296 1103 1376 reperire
1123 1295 1198 1374 quid
1214 1317 1245 1352 10

130 1413 175 1467 177
190 1395 282 1470 dicas,
297 1396 355 1457 nisi
368 1396 400 1458 id
414 1396 570 1458 inventum
584 1407 708 1458 tractare
722 1395 838 1475 possis;
857 1395 993 1457 tractatio
1007 1407 1108 1456 autem
1119 1394 1199 1455 varia

191 1514 256 1556 esse
277 1495 377 1567 debet,
400 1514 439 1555 ne
459 1505 511 1555 aut
531 1507 693 1572 cognoscat
713 1506 807 1556 artem
828 1493 880 1571 qui
901 1493 1004 1554 audiat
1024 1504 1076 1554 aut
1096 1491 1200 1554 defeti-

191 1602 275 1669 getur
296 1590 499 1652 similitudinis
521 1591 674 1654 satietate:
701 1591 829 1671 proponi
850 1602 968 1670 oportet
988 1591 1062 1669 quid
1083 1592 1199 1653 adferas

191 1699 222 1751 et
240 1710 301 1768 qua
316 1709 348 1750 re
366 1688 409 1750 ita
429 1688 467 1749 sit
487 1691 666 1763 ostendere3
690 1711 727 1751 ex
748 1689 862 1750 eisdem
879 1687 936 1748 illis
955 1688 1029 1750 locis
1048 1687 1199 1749 interdum

191 1789 378 1860 concludere,
409 1786 576 1864 relinquere
603 1787 676 1868 alias
703 1786 822 1865 alioque
849 1786 990 1861 transire;
1020 1806 1109 1863 saepe
1136 1805 1199 1847 non
1216 1803 1244 1852 15

191 1904 358 1963 proponere
385 1903 421 1944 ac
448 1883 563 1945 ratione
589 1883 655 1962 ipsa
677 1885 841 1946 adferenda
867 1883 941 1960 quid
968 1885 1200 1961 proponendum

192 1981 287 2054 fuerit,
311 1983 478 2056 declarare3
507 1979 602 2042 sicui
623 1981 697 2060 quid
718 1981 814 2043 simile
834 1981 925 2054 dicas,
948 1981 1029 2059 prius
1050 1992 1084 2041 ut
1105 1979 1201 2041 simile

194 2075 301 2160 [dicas]
330 2080 497 2153 confirmes,
527 2078 639 2141 deinde
671 2081 754 2158 quod
781 2079 885 2157 agitur,
914 2078 1060 2156 adiungas
1072 2100 1081 2153 3
1115 2077 1203 2139 inter-

194 2187 305 2256 puncta
338 2187 581 2254 argumentorum
619 2179 795 2254 plerumque
830 2178 958 2247 occulas,
991 2196 1031 2237 ne
1064 2175 1132 2254 quis
1166 2196 1203 2236 ea

195 2294 350 2335 numerare
373 2273 476 2353 possit,
501 2283 590 2336 utre
614 2273 841 2353 distinguantur,
863 2273 961 2335 verbis
985 2275 1111 2335 confusa
1136 2292 1203 2334 esse
1218 2291 1248 2325 ²0

195 2371 359 2433 videantur.

239 2473 328 2531 Haec
349 2489 513 2548 properans
533 2482 567 2531 ut
587 2482 618 2532 et
638 2473 720 2548 apud
743 2473 850 2532 doctos
875 2482 905 2532 et
928 2470 1113 2532 semidoctus
1137 2469 1202 2548 ipse

196 2588 343 2647 percurro,
362 2579 396 2628 ut
416 2567 580 2646 aliquando
599 2570 639 2629 ad
660 2568 711 2629 illa
732 2568 845 2630 maiora
864 2568 1038 2629 veniamus:
1060 2567 1135 2627 nihil
1157 2579 1203 2629 est

196 2665 277 2728 enim
297 2664 328 2726 in
348 2665 488 2740 dicendo,
505 2668 621 2741 Catule,
637 2666 743 2740 maius,
759 2686 850 2744 quam
870 2679 904 2727 ut
924 2668 1020 2727 faveat
1038 2665 1148 2727 oratori
1167 2665 1201 2739 is,

196 2763 248 2843 qui
273 2762 382 2838 audiet,
406 2763 510 2842 utique
534 2762 599 2841 ipse
623 2763 666 2826 sic
692 2776 853 2839 moveatur,
875 2775 908 2824 ut
931 2764 1046 2843 impetu
1069 2765 1202 2841 quodam
1219 2779 1248 2828 25

196 2861 289 2922 animi
311 2872 342 2922 et
365 2860 589 2940 perturbatione
617 2861 710 2940 magis
738 2883 830 2941 quam
858 2861 971 2924 iudicio
998 2872 1051 2922 aut
1076 2859 1203 2922 consilio

197 2971 313 3038 regatur
326 2982 333 3019 ε
354 2960 439 3037 plura
449 2957 530 3019 enim
542 2961 638 3021 multo
654 2960 791 3021 homines
806 2960 940 3022 iudicant
952 2959 1025 3021 odio
1035 2971 1087 3020 aut
1100 2977 1204 3018 amore

197 3068 249 3119 aut
263 3055 427 3134 cupiditate
443 3067 496 3117 aut
512 3056 667 3119 iracundia
686 3069 738 3118 aut
757 3061 861 3120 dolore
880 3068 933 3118 aut
951 3056 1064 3118 laetitia
1080 3066 1132 3115 aut
1149 3074 1203 3132 spe

197 3165 251 3215 aut
269 3154 376 3216 timore
394 3167 446 3216 aut
464 3176 562 3218 errore
581 3167 633 3216 aut
652 3155 752 3234 aliqua
772 3155 960 3235 permotione
981 3153 1090 3215 mentis
1112 3173 1203 3231 quarn

141 2438 183 2497 42

136 2519 182 2582 ¹7⁸

232 3307 392 3358 M=AEH
490 3309 663 3360 rnostrisM
775 3310 985 3370 6assequiturL
1070 3324 1099 3357 se
1111 3306 1208 3356 om.M

201 3391 232 3423 12
249 3381 418 3434 cognoscatur
429 3376 491 3424 item
502 3376 546 3437 qui
557 3374 590 3423 M
679 3391 708 3437 η
725 3376 747 3425 si
758 3376 880 3437 quidquid
893 3374 926 3422 M
1015 3375 1044 3422 18
1061 3375 1131 3422 dicas
1144 3389 1204 3423 con-

199 3440 287 3488 firmes
298 3438 344 3487 M:
362 3441 432 3491 dicas
447 3458 497 3491 om.
512 3443 534 3490 L
637 3442 667 3489 18
683 3441 846 3503 interpuncta
859 3456 913 3490 recu.
928 3441 1007 3498 (inter
1024 3438 1139 3489 mendose
1153 3455 1204 3486 cor-

198 3511 304 3567 ruptum
324 3504 381 3567 A):
416 3514 512 3568 puncta
532 3523 576 3555 m:
608 3506 764 3556 interiuncta
783 3506 883 3555 Nonius
900 3513 927 3570 p.
946 3507 992 3566 148
1059 3519 1089 3566 19
1100 3504 1204 3553 occulus

197 3569 312 3621 Nonius:
331 3571 445 3620 occultes
456 3571 501 3621 M:
519 3578 547 3620 ut
557 3570 659 3620 oeculas
675 3569 698 3618 L
765 3587 798 3622 ao
813 3571 900 3621 verbis
911 3587 945 3620 ne
956 3569 1004 3620 M:
1019 3570 1104 3620 verbis
1115 3585 1164 3620 nec
1176 3585 1204 3618 m

198 3652 228 3686 ar
247 3637 365 3686 videatur
377 3635 410 3684 M
506 3652 538 3685 aa
555 3636 711 3686 semidoctus
725 3637 776 3685 mL
