2648 4216
76 243 180 312 391⁶⁶
472 240 516 299 M.
538 240 667 316 uvam
685 240 923 303 *CICERONIS

190 426 369 485 quaeremus
382 417 413 469 et
430 427 540 486 genera
556 416 589 468 et
604 405 697 486 partis
718 406 879 484 generibus
891 405 1041 468 subiectas
1055 417 1086 468 et
1100 406 1201 468 simili·

191 504 311 566 tudines
331 516 362 570 et
382 503 640 566 dissimilitudines
660 514 691 565 et
711 503 859 565 contraria
879 515 910 566 et
930 503 1146 583 consequentia
1170 516 1201 574 et

190 612 393 664 consentanea
406 611 437 662 et
450 600 537 679 quasi
554 600 774 679 praecurrentia
791 613 822 662 et
842 600 1038 679 repugnantia
1051 614 1082 663 et
1095 622 1200 663 causas

156 719 288 807 orerum
315 697 527 777 vestigabimus
554 708 586 760 et
612 719 656 772 ea,
685 718 764 776 quae
789 720 828 761 ex
854 698 951 759 causis
979 710 1044 761 orta
1072 698 1141 773 sint,
1170 711 1202 761 et

192 796 312 871 maiora,
327 796 417 875 paria,
432 796 550 858 minora
569 817 756 875 quaeremus.
800 799 847 858 Ex
866 795 1036 858 coniunctis
1055 797 1098 858 sic
1118 818 1229 880 argu-5

191 907 294 956 menta
319 896 489 959 ducuntur:
521 893 564 954 ‘si
591 894 694 973 pietati
721 914 841 955 summa
866 893 1027 960 tribuenda
1053 897 1118 956 laus
1145 906 1200 970 est,

191 992 309 1055 debetis
328 991 449 1066 moveri,
466 1011 537 1053 curn
555 993 593 1068 Q.
611 994 768 1053 Metellum
789 1002 852 1053 tam
872 991 922 1070 pie
942 993 1043 1070 lugere
1057 991 1202 1054 videatis'

192 1094 239 1151 Ex
258 1111 367 1169 genere
387 1101 507 1152 autem:
537 1088 581 1150 ‘si
600 1089 788 1167 magistratus
808 1089 841 1150 in
861 1089 965 1168 populi
983 1089 1115 1151 Romani
1135 1111 1202 1153 esse

192 1200 339 1268 potestate
355 1189 477 1261 debent,
492 1187 568 1266 quid
582 1189 761 1249 Norbanum
779 1207 912 1260 accusas,
929 1187 1014 1251 cuius
1033 1188 1201 1250 tribunatus

132 1299 179 1351 168
192 1285 338 1347 voluntati
361 1285 459 1365 paruit
479 1283 647 1346 civitatisr'
688 1287 736 1352 Ex
758 1295 842 1364 parte
865 1296 966 1346 autem
989 1305 1033 1359 ea,
1056 1305 1133 1364 quae
1155 1297 1201 1348 est
1218 1306 1248 1343 10

192 1382 328 1447 subiecta
340 1382 460 1462 generi:
482 1381 524 1443 ‘si
538 1402 653 1456 omnes,
668 1380 722 1461 qui
739 1380 782 1444 rei
800 1381 939 1461 publicae
955 1385 1125 1456 consulunt,
1141 1383 1202 1444 cari

193 1481 281 1542 nobis
295 1501 361 1543 esse
374 1481 496 1555 debent,
512 1492 592 1542 certe
606 1479 638 1540 in
651 1479 754 1559 primis
772 1479 973 1559 imperatores,
990 1500 1118 1559 quorum
1132 1502 1204 1543 con·

193 1577 273 1653 siliis,
297 1578 412 1653 virtute,
442 1577 582 1664 periculis
609 1576 771 1651 retinemus
798 1587 830 1638 et
856 1589 989 1638 nostram
1017 1580 1144 1640 salutem
1173 1589 1203 1640 et

194 1673 300 1755 imperi
333 1675 529 1755 dignitatem!
583 1675 631 1736 Ex
664 1674 859 1742 similitudine
892 1686 1014 1736 autern:
1051 1674 1093 1736 ‘si
1123 1677 1203 1738 ferae

193 1784 295 1852 partus
311 1793 382 1842 suos
392 1773 532 1851 diligunt,
547 1793 609 1851 qua
626 1792 683 1833 nos
701 1771 733 1833 in
752 1772 862 1833 liberos
880 1784 998 1832 nostros
1016 1771 1203 1851 indulgentia
1219 1793 1248 1844 ¹5

134 1879 181 1945 169
194 1891 260 1933 esse
273 1872 419 1932 debemus
428 1871 460 1931 Ρ
500 1872 543 1936 At
556 1890 593 1932 ex
606 1868 867 1930 dissimilitudine:
892 1867 936 1930 ‘si
949 1869 1143 1936 barbarorum
1157 1881 1203 1932 est

193 1966 225 2028 in
239 1968 321 2029 diem
334 1967 441 2042 vivere,
452 1979 555 2029 nostra
568 1966 693 2029 consilia
706 1966 921 2046 sempiternum
936 1978 1054 2045 tempus
1068 1979 1204 2046 spectare

194 2067 324 2127 debent’
364 2069 467 2144 Atque
485 2078 613 2145 utroque
630 2065 661 2126 in
679 2086 788 2144 genere
804 2075 835 2126 et
851 2064 1054 2126 similitudinis
1072 2075 1103 2126 et
1119 2063 1204 2126 dissi·

194 2161 371 2224 militudinis
394 2165 531 2242 exempla
555 2174 625 2224 sunt
647 2182 686 2227 ex
711 2161 838 2225 aliorum
860 2161 945 2223 sactis
967 2173 1019 2222 aut
1041 2161 1129 2223 dictis
1150 2172 1203 2223 aut

193 2259 308 2322 eventis
322 2271 353 2322 et
371 2262 458 2322 fictae
479 2261 663 2323 narrationes
678 2281 769 2338 saepe
789 2261 957 2340 ponendae
1002 2261 1068 2321 Iam
1082 2281 1120 2321 ex
1132 2279 1204 2322 con·
1218 2284 1249 2319 πο

132 2374 182 2433 170
194 2358 303 2420 trario:
325 2357 369 2419 ‘si
388 2361 543 2421 Gracchus
562 2359 682 2433 nefarie,
702 2360 852 2438 praeclare
867 2355 1025 2436 opimius?
1066 2360 1113 2424 Ex
1133 2378 1204 2420 con·

193 2455 408 2534 sequentibusz
431 2454 474 2517 ‘si
491 2467 522 2518 et
539 2457 617 2518 ferro
635 2454 810 2521 interfectus
826 2453 876 2517 ille
890 2465 921 2516 et
938 2465 970 2514 tu
984 2453 1125 2516 inimicus
1137 2455 1202 2517 eius

193 2573 263 2614 cum
276 2552 376 2632 gladio
389 2565 515 2614 cruento
528 2554 763 2632 comprehensus
783 2551 816 2613 in
833 2551 886 2612 illo
904 2550 971 2631 ipso
985 2553 1053 2613 loco
1067 2562 1098 2614 et
1110 2571 1203 2614 nemo

192 2663 308 2731 praeter
321 2661 351 2714 te
365 2649 407 2712 ibi
421 2651 501 2712 visus
515 2662 561 2712 est
574 2662 605 2713 et
621 2671 712 2712 causa
728 2648 843 2712 nemini
861 2661 892 2711 et
911 2661 943 2710 tu
963 2670 1081 2729 semper
1094 2652 1200 2724 audax,

193 2749 268 2828 quid
288 2760 334 2810 est
353 2750 437 2827 quod
457 2751 497 2811 de
521 2748 653 2810 facinore
674 2747 812 2809 dubitare
832 2746 1023 2826 possimus?'
1065 2750 1112 2808 Ex
1132 2768 1202 2809 con·
1217 2774 1246 2825 ²⁵

193 2847 342 2911 sentaneis
356 2858 386 2908 et
399 2868 436 2908 ex
450 2846 707 2925 praecurrentibus
720 2857 751 2908 et
769 2867 807 2908 ex
822 2845 1065 2925 repugnantibus,
1081 2856 1115 2906 ut
1128 2845 1202 2907 olim

193 2949 316 3009 Crassus
341 2947 535 3010 adulescens:
568 2951 648 3007 ‘non
672 2943 698 3005 si
718 2943 875 3023 Opimium
897 2943 1067 3017 defendisti,
1090 2945 1200 3018 Carbo,
1253 2934 1257 2943 ¹

192 3044 305 3108 idcirco
332 3058 362 3108 te
390 3043 438 3105 isti
465 3044 581 3105 bonum
609 3043 705 3108 civem
732 3042 903 3122 putabunt:
937 3041 1093 3104 simulasse
1116 3052 1147 3104 te
1170 3054 1202 3109 et

192 3142 305 3220 aliquid
320 3143 471 3222 quaesisse
489 3142 679 3222 perspicuum
698 3152 752 3215 est,
767 3143 851 3221 quod
866 3139 912 3201 Ti.
929 3140 1059 3202 Gracchi
1072 3152 1201 3203 mortem

192 3261 282 3319 saepe
309 3241 340 3301 in
368 3240 560 3303 contionibus
587 3238 757 3319 deplorasti,
784 3242 870 3319 quod
898 3242 930 3300 P.
957 3238 1090 3300 Africani
1117 3239 1201 3301 necis
1215 3265 1248 3314 30

131 839 177 903 167

226 3397 385 3447 M=AEH
481 3397 693 3460 ascquentiaM
786 3395 951 3447 ravobisM
1034 3394 1205 3446 arsi..tM

192 3464 259 3512 unde
269 3465 308 3513 Ti.
321 3464 561 3514 Gracchusmaluit
570 3463 655 3512 Halm
754 3478 784 3513 ar
804 3463 854 3512 nel.
868 3478 907 3525 pr.
921 3463 971 3524 Op.
983 3476 1034 3511 om.
1048 3459 1081 3507 M
1167 3477 1200 3523 23

192 3527 274 3586 eiM:
291 3528 352 3580 etl.
431 3544 463 3590 ⁹4
480 3536 507 3578 et
519 3527 625 3588 tuneld
631 3547 637 3579 ι
655 3536 682 3578 et
694 3536 748 3578 tute
758 3527 853 3592 Stangl
939 3529 973 3575 a6
989 3528 1199 3588 exrepugnanti-

189 3644 240 3693 bus
257 3659 300 3693 m:
325 3661 359 3694 ex
378 3608 612 3706 ffugnantibusA:
643 3645 852 3706 expugnantibus
869 3639 924 3692 HE
1020 3641 1082 3703 olim
1100 3658 1151 3691 om.
1170 3639 1205 3689 M

192 3725 225 3772 ⁹9
242 3712 311 3759 aliud
322 3707 419 3772 quidL
