2648 4216
436 252 496 311 DE
516 252 723 316 ORATORE
764 253 816 318 III
1144 269 1244 331 32129

125 415 266 479 videlicet
285 419 342 480 fuit
362 429 395 479 et
412 417 550 480 disertior
569 422 707 482 Socrates
720 431 759 494 et,
774 432 808 482 ut
827 432 859 482 tu
873 424 1016 500 appellas,
1031 421 1132 500 copio

126 514 186 575 sior
199 528 230 578 et
244 516 350 577 melior
363 520 558 578 orator-sed
574 517 624 578 hic
641 518 672 579 in
693 517 745 580 illo
758 517 827 596 ipso
841 519 975 580 Platonis
995 520 1073 581 libro
1091 523 1131 582 de

125 614 210 675 omni
237 635 277 688 re,
300 634 510 694 quaecumque
533 615 566 677 in
588 615 838 694 disceptationem
862 616 1134 697 quaestionemque,

125 722 256 785 vocetur,
282 732 315 773 se
342 711 549 791 copiosissime
576 713 727 774 dicturum
750 733 817 774 esse
844 714 1018 792 profitetur,
1044 713 1131 792 isque

95 827 110 877 ⁵
124 809 264 888 princeps
277 831 315 871 ex
334 811 477 872 omnibus
497 832 588 873 ausus
602 823 648 872 est
661 811 693 872 in
707 821 859 872 conventu
873 831 997 889 poscere
1011 831 1072 889 qua
1090 814 1130 873 de

125 927 157 967 re
184 906 312 985 quisque
339 911 428 969 vellet
455 908 578 983 audire,
606 907 656 969 cui
683 919 785 973 tantus
811 910 909 969 honos
937 908 1056 969 habitus
1084 921 1130 970 est

125 1023 144 1063 a
158 1004 292 1079 Graecia,
308 1005 364 1065 soli
378 1017 412 1066 ut
426 1025 462 1066 ex
476 1005 619 1066 omnibus
634 1005 762 1084 Delphis
782 1026 845 1067 non
867 1005 1001 1067 inaurata
1022 1018 1127 1081 statua,

125 1103 180 1161 sed
203 1121 294 1163 aurea
315 1115 499 1164 statueretur.
543 1105 605 1165 Sed
628 1103 669 1177 hi,
693 1123 770 1181 quos
794 1103 957 1178 nominavi,
983 1104 1130 1183 multique
1144 1123 1191 1172 130

125 1210 277 1277 praeterea
291 1200 462 1279 summique
476 1200 598 1263 dicendi
612 1203 751 1262 doctores
765 1220 828 1262 uno
842 1211 978 1279 tempore
991 1204 1130 1277 fuerunt3

82 1316 112 1355 ιο
125 1316 162 1357 ex
176 1297 286 1374 quibus
300 1297 432 1376 intellegi
452 1309 552 1376 potest
572 1299 615 1359 ita
634 1318 667 1360 se
688 1319 751 1360 rem
772 1299 891 1372 habere,
907 1309 941 1359 ut
954 1310 995 1372 tu,
1013 1301 1128 1373 Crasse,

125 1393 209 1468 dicis,
231 1395 416 1474 oratorisque
436 1416 549 1458 nornen
567 1397 649 1474 apud
669 1395 810 1474 antiquos
830 1395 862 1457 in
877 1397 1004 1462 Graecia
1017 1397 1130 1459 maiore

125 1489 256 1566 quadam
277 1491 325 1550 vel
345 1489 434 1567 copia
453 1492 501 1551 vel
519 1490 612 1568 gloria
625 1490 767 1552 floruisse.
812 1492 883 1566 Quo
897 1490 1021 1569 quidem
1036 1492 1130 1570 magis
1144 1513 1189 1562 131

125 1585 232 1647 dubito
251 1586 346 1647 tibine
366 1589 433 1665 plus
454 1587 551 1649 laudis
571 1609 611 1649 an
626 1588 748 1650 Graecis
761 1588 987 1666 vituperationis
1000 1601 1130 1650 statuam

125 1703 190 1745 esse
205 1683 417 1746 tribuendum:
437 1705 508 1746 cum
526 1696 558 1746 tu
579 1685 610 1746 in
631 1685 690 1747 alia
709 1685 810 1765 lingua
829 1703 867 1747 ac
887 1686 1021 1748 moribus
1041 1697 1130 1746 natus

82 1801 111 1854 1⁵
126 1780 357 1860 occupatissima
383 1782 415 1843 in
443 1781 564 1844 civitate
591 1785 639 1845 vel
665 1782 847 1862 privatorum
874 1784 1002 1862 negotiis
1033 1803 1130 1862 paene

125 1879 267 1940 omnibus
294 1881 342 1940 vel
366 1879 448 1941 orbis
476 1892 570 1941 terrae
598 1881 807 1959 procuratione
830 1902 867 1943 ac
891 1881 1001 1942 summi
1023 1881 1130 1960 imperi

124 1976 341 2054 gubernatione
361 1977 521 2039 destrictus
539 1989 654 2038 tantam
672 1978 733 2039 vim
752 1999 851 2040 rerum
864 1978 1129 2058 cognitionemque

125 2073 388 2152 comprehenderis
406 2094 534 2153 eamque
554 2095 678 2136 omnem
700 2096 770 2136 cum
789 2076 862 2150 eius,
880 2075 933 2155 qui
952 2077 1078 2139 consilio
1099 2088 1129 2138 et

125 2171 259 2233 oratione
293 2171 325 2232 in
353 2171 473 2234 civitate
500 2174 605 2247 valeat,
639 2173 763 2235 seientia
796 2186 887 2254 atque
917 2175 1128 2237 exercitatione

81 2290 112 2328 ιο
125 2267 265 2343 sociaris3
291 2268 334 2330 illi
355 2269 417 2330 nati
441 2269 473 2330 in
498 2269 603 2331 litteris
626 2272 825 2349 ardentesque
849 2271 896 2332 his
924 2272 1039 2346 studiis,
1065 2272 1129 2334 otio

124 2385 196 2427 vero
230 2366 407 2440 diffluentes,
441 2387 504 2429 non
540 2369 634 2429 modo
657 2367 742 2428 'nihil
773 2368 973 2447 acquisierint,
1003 2372 1057 2431 sed
1089 2389 1128 2430 ne

124 2462 261 2523 relictum
275 2462 399 2542 quidem
413 2476 444 2526 et
462 2464 605 2525 traditum
624 2475 654 2525 et
676 2483 765 2524 suum
786 2465 1007 2526 conservarint'
1048 2468 1128 2526 Tum

125 2561 250 2622 Crassus
273 2566 352 2622 ‘non
371 2560 403 2620 in
422 2563 495 2622 hac’
515 2560 613 2641 inquit
632 2565 717 2635 ‘una
738 2562 854 2635 Catule,
876 2583 916 2636 re,
937 2564 991 2623 sed
1012 2561 1044 2622 in
1065 2561 1129 2622 aliis

124 2657 215 2719 etiam
243 2658 448 2736 compluribus
476 2658 686 2720 distributione
712 2657 842 2737 partium
872 2679 909 2720 ac
943 2659 1130 2738 separatione

80 2775 110 2825 ²5
126 2754 347 2833 magnitudines
375 2766 445 2816 sunt
472 2755 579 2816 artium
604 2755 785 2818 deminutae.
839 2760 889 2818 An
913 2768 946 2817 tu
970 2757 1127 2831 existimas,

124 2872 194 2913 cum
209 2864 287 2914 esset
303 2853 504 2931 Hippocrates
522 2853 571 2915 ille
587 2855 677 2927 Cous,
693 2854 785 2916 fuisse
805 2865 870 2916 tum
891 2854 965 2916 alios
984 2855 1128 2930 medicos,

124 2949 177 3027 qui
197 2950 318 3025 morbis,
334 2950 417 3024 alios,
433 2950 486 3028 qui
500 2951 680 3024 vulneribus,
697 2952 779 3026 alios,
796 2952 849 3030 qui
867 2953 961 3014 oculis
976 2955 1130 3015 mederen-

124 3049 193 3108 tur?
247 3050 331 3108 Num
358 3047 553 3126 geometriam
588 3049 716 3111 Euclide
750 3061 802 3111 aut
834 3050 1024 3124 Archimede,
1054 3071 1128 3111 num

123 3144 269 3206 musicam
306 3149 446 3207 Damone
486 3158 538 3207 aut
572 3146 759 3222 Aristoxeno,
796 3168 870 3209 num
904 3147 983 3227 ipsas
1017 3148 1129 3210 litteras

80 3261 110 3310 30
124 3241 326 3320 Aristophane
366 3254 418 3303 aut
453 3243 641 3306 Callimacho
682 3255 827 3307 tractante
869 3256 930 3306 tam
965 3245 1128 3326 discerptas

1142 2435 1182 2494 33

1145 2527 1190 2575 13²

156 3389 316 3438 M=AEH
391 3407 407 3439 a
424 3391 483 3453 ipso
494 3390 591 3439 om.M
669 3398 809 3452 4vocetur
820 3391 890 3441 Em:
909 3400 1045 3442 revocetur
1054 3393 1115 3442 ΑΗ
1120 3412 1128 3443 r

122 3461 259 3504 vocaretur
270 3456 338 3519 vulg.
462 3455 608 3505 asedM:
625 3454 747 3519 AtqueL
836 3457 996 3520 9summiL
1084 3476 1128 3509 au·

124 3517 283 3569 etoresHE¹
385 3536 416 3569 10
432 3520 669 3584 itavulg.:aMm
765 3536 795 3583 13
811 3524 870 3584 plus
881 3539 931 3573 om.
945 3521 1003 3571 Mm
1099 3527 1129 3573 16

124 3585 214 3647 imperi
229 3585 315 3648 (salai
386 3599 414 3647 17
433 3587 563 3635 districtus
574 3587 621 3634 ΕΙ.
688 3601 773 3635 rerum
786 3603 836 3637 om.
851 3586 885 3634 M
948 3604 980 3649 23
998 3589 1024 3637 in
1036 3589 1132 3639 om.M

125 3665 153 3699 re
163 3668 214 3700 om.
226 3648 257 3697 M
306 3667 338 3712 24
350 3667 427 3712 quam
440 3651 556 3713 pluribus
565 3650 598 3698 M
660 3666 695 3713 30
705 3653 849 3714 discerptas
859 3651 882 3700 L
892 3655 959 3717 vulg
974 3671 981 3703 r
998 3655 1128 3718 discerpta

124 3714 190 3765 HA¹
203 3734 210 3764 r
227 3717 382 3778 discerptam
394 3717 462 3765 Alm
