2648 4216
465 284 524 343 DE
545 282 788 345 ORATOREI
1146 303 1246 366 ψη

123 451 223 531 inquit
238 451 458 527 ‘animadverti
468 453 585 526 Crasse,
594 462 624 512 et
635 462 665 512 te
675 463 705 512 et
716 463 830 513 ceteros
844 470 979 512 summos
989 461 1131 524 oratores,

124 566 309 629 quamquam
333 550 389 610 tibi
410 571 463 629 par
485 570 553 610 mea
575 549 723 610 sententia
742 568 834 610 nemo
853 567 999 625 umquam
1019 546 1082 620 suit,
1098 545 1130 607 in

124 646 247 708 dicendi
269 646 392 708 exordio
414 645 599 724 permoveri3
627 644 712 706 cuius
728 644 851 723 quidem
868 643 910 705 rei
925 664 994 705 cum
1009 664 1130 704 causam
1148 669 1194 720 ιη

124 763 306 821 quaererem,
342 743 488 821 quidnam
522 753 600 804 esset
635 762 695 815 cur,
725 753 758 802 ut
792 740 824 802 in
858 760 980 819 quoque
1014 751 1130 800 oratore

92 840 286 919 splurimum
309 852 395 915 esset,
419 841 461 902 ita
485 840 613 901 maxime
635 839 661 900 is
684 838 913 918 pertimesceret,
943 840 997 898 has
1025 858 1129 898 causas

123 936 314 998 inveniebam
337 939 430 998 duas:
459 957 560 1011 unam,
576 938 660 1014 quod
681 936 885 1014 intellegerent
906 934 944 1008 ei,
959 954 1036 1012 quos
1058 955 1130 996 usus

123 1053 161 1094 ac
175 1045 280 1094 natura
293 1033 454 1108 docuisset,
470 1054 532 1095 non
547 1053 712 1111 numquam
731 1031 856 1094 summis
878 1030 1045 1098 oratoribus
1066 1051 1129 1091 non

124 1131 196 1193 satis
224 1151 261 1192 ex
287 1131 436 1193 sententia
462 1143 603 1192 eventum
631 1129 753 1192 dicendi
779 1130 961 1208 procedere3
994 1127 1035 1188 ita
1067 1147 1129 1188 non

123 1228 241 1303 iniuria,
256 1228 527 1307 quotienscumque
541 1228 683 1302 dicerent,
699 1227 739 1301 id,
754 1229 838 1306 quod
851 1226 1015 1305 aliquando
1028 1237 1130 1304 posset

77 1347 112 1384 ro
123 1326 270 1400 accidere,
286 1347 325 1387 ne
347 1326 399 1386 illo
421 1326 488 1403 ipso
508 1334 630 1404 tempore
648 1324 805 1398 accideret,
821 1324 926 1385 timere
935 1346 945 1398 3
972 1326 1064 1385 altera
1084 1335 1130 1385 est
1145 1347 1189 1397 1²4

124 1425 209 1497 haee,
224 1425 264 1484 de
280 1444 341 1502 qua
359 1422 444 1501 queri
462 1443 551 1502 saepe
570 1426 654 1484 soleo
663 1445 673 1498 ;
703 1424 786 1500 quod
805 1432 968 1482 ceterarum
991 1422 1129 1484 homines

122 1520 232 1581 artium
254 1520 380 1599 spectati
403 1531 433 1582 et
455 1519 581 1599 probati,
605 1519 631 1580 si
652 1520 776 1597 quando
795 1517 910 1595 aliquid
930 1517 1030 1578 minus
1051 1518 1130 1579 bene
1168 1521 1174 1530 '

123 1620 258 1679 lecerunt
279 1639 371 1697 quam
389 1620 495 1692 solent,
513 1630 565 1679 aut
585 1617 717 1678 noluisse
734 1628 786 1677 aut
804 1615 975 1677 valetudine
993 1614 1130 1694 impediti

124 1735 188 1776 non
208 1715 343 1793 potuisse
364 1715 509 1794 consequi
527 1715 568 1790 id,
584 1717 667 1793 quod
686 1714 804 1788 scirent,
819 1725 978 1793 putantur:
1001 1712 1130 1774 ‘noluit'

79 1834 109 1884 ¹5
123 1811 265 1891 inquiunt
291 1813 399 1874 ‘hodie
422 1834 509 1891 agere
535 1813 682 1886 Roscius,'
705 1825 757 1873 aut
783 1811 920 1873 ‘crudior
944 1811 1035 1885 suit’;
1068 1831 1130 1872 ora-

124 1910 197 1971 toris
217 1922 383 1989 peccatum,
399 1910 424 1972 si
438 1914 523 1988 quod
541 1923 586 1972 est
603 1911 852 1984 animadversum,
868 1909 1009 1971 stultitiae
1027 1929 1131 1986 pecca-

123 2020 189 2069 tum
222 2009 358 2083 videtur;
392 2008 516 2070 stultitia
547 2020 649 2070 autem
679 2008 901 2070 excusationem
932 2027 995 2068 non
1029 2008 1128 2081 habet,
1147 2026 1191 2077 ηε

123 2107 195 2185 quia
217 2128 308 2168 nemo
329 2107 455 2180 videtur,
478 2119 530 2168 aut
553 2107 625 2185 quia
652 2108 761 2167 crudus
787 2105 876 2167 fuerit
902 2118 955 2167 aut
982 2107 1066 2183 quod
1089 2105 1131 2166 ita

124 2205 269 2280 maluerit,
295 2207 403 2266 stultus
431 2204 542 2279 fuisse3
580 2225 643 2283 quo
670 2204 760 2266 etiam
784 2204 901 2282 gravim
928 2203 1073 2266 iudicium
1098 2202 1130 2264 in

78 2323 110 2358 20
125 2303 256 2365 dicendo
270 2302 424 2364 subimus:
446 2303 586 2381 quotiens
608 2302 688 2364 enim
708 2302 845 2376 dicimus,
860 2301 970 2363 totiens
984 2303 1023 2362 de
1042 2301 1130 2365 nobis

125 2397 280 2473 iudicatur,
304 2411 342 2473 et,
367 2399 420 2476 qui
444 2402 538 2460 semel
560 2399 592 2459 in
619 2410 704 2477 gestu
731 2398 874 2477 peccavit,
900 2419 963 2459 non
986 2397 1130 2458 continuo

124 2495 308 2557 existimatur
330 2495 445 2556 nescire
466 2508 592 2574 gestum,
618 2496 703 2556 cuius
724 2506 825 2556 autem
847 2494 878 2554 in
903 2494 1034 2555 dicendo
1056 2493 1131 2571 quid

125 2595 338 2670 reprehensum
352 2604 406 2666 est,
422 2604 474 2653 aut
488 2604 609 2654 aeterna
631 2591 662 2652 in
681 2612 719 2653 eo
739 2603 790 2652 aut
805 2603 884 2652 certe
899 2590 1039 2652 diuturna
1052 2593 1130 2651 valet

125 2689 228 2768 opinio
252 2690 405 2751 tarditatis
452 2692 532 2751 Illud
554 2709 633 2763 vem,
653 2690 737 2766 quod
758 2709 777 2749 a
799 2699 829 2748 te
853 2688 1042 2761 dictumest,
1064 2708 1130 2748 esse

77 2809 109 2857 ²5
124 2790 279 2865 permulta,
298 2808 376 2865 quae
400 2799 499 2849 orator
520 2808 539 2848 a
560 2799 666 2848 natura
686 2786 744 2847 nisi
765 2786 896 2860 haberet,
918 2806 980 2846 non
1002 2787 1129 2846 multum

123 2903 142 2943 a
167 2883 307 2962 magistro
329 2884 526 2957 adiuvaretnr,
549 2886 636 2944 valde
659 2882 714 2943 tibi
737 2882 890 2943 adsentior
911 2881 1003 2959 inque
1025 2902 1063 2942 eo
1082 2883 1130 2942 vel

124 2981 253 3042 maxime
274 2981 398 3060 probavi
419 3002 572 3043 summurn
593 2981 678 3042 illum
699 2982 864 3054 doctorem,
886 2980 1130 3044 Alabandensem

124 3079 329 3156 Apollonium,
353 3079 497 3157 quicum
520 3081 659 3140 mercede
681 3080 811 3153 doceret,
835 3090 935 3139 tamen
958 3099 1020 3139 non
1040 3078 1130 3157 patie-

124 3176 212 3237 batur
243 3198 304 3250 eos,
334 3198 411 3256 quos
443 3177 596 3239 iudicabat
629 3197 691 3238 non
718 3197 808 3255 posse
836 3188 967 3237 oratores
994 3178 1128 3249 evadere,

74 3297 109 3346 30
123 3293 247 3350 operam
280 3276 363 3351 apud
395 3294 460 3334 sese
493 3276 625 3352 perdere,
654 3273 884 3351 dimittebatque
915 3284 944 3333 et
971 3273 1011 3333 ad
1038 3292 1129 3350 quarn

123 3389 276 3448 quemque
303 3381 397 3431 artem
424 3371 549 3448 putabat
577 3389 643 3430 esse
670 3381 782 3447 aptum,
811 3372 851 3430 ad
882 3389 949 3430 eam
977 3369 1129 3445 impellere

1143 2643 1183 2700 28

1145 2747 1193 2798 126

159 3538 206 3585 1—5
222 3523 341 3574 M=HE
437 3527 454 3574 6
470 3541 533 3587 seqq.
548 3522 640 3572 M=H
733 3540 749 3584 4
766 3531 794 3574 ut
811 3540 861 3573 om.
880 3522 912 3570 M
1006 3538 1021 3585 5
1039 3538 1129 3572 causas

120 3591 237 3654 posthoc
246 3591 346 3639 verdum
358 3590 436 3653 defiat
445 3592 471 3639 E
595 3606 626 3639 ιο
643 3597 760 3652 tempore
772 3588 831 3639 add.
847 3587 906 3638 Cod.
924 3587 1015 3638 Gud’:
1040 3603 1074 3636 ne
1084 3589 1129 3637 illo

125 3656 182 3718 ipso
193 3655 225 3703 H
234 3672 278 3706 m:
296 3658 322 3704 r'n
334 3656 366 3704 H
377 3672 483 3704 rasura:
500 3661 598 3718 netum
611 3654 634 3704 L
728 3669 760 3703 aa
777 3655 840 3717 qui.
855 3654 1066 3716 ..reprehensus
1080 3650 1129 3707 M:

125 3721 197 3771 cuius
209 3755 216 3771 .
228 3756 236 3771 .
250 3757 256 3771 .
269 3722 453 3784 reprehensum
465 3721 488 3769 L
