2648 4216
465 274 524 333 on
545 272 752 334 ounroas
794 273 810 333 1
1148 285 1251 351 aona

130 438 163 498 in
187 448 433 501 testamentorum
457 439 601 514 formulis,
625 442 685 502 hoc
708 450 762 514 est,
788 440 820 502 in
844 440 946 502 medio
969 440 1033 503 iure
1056 440 1136 502 civili

129 534 262 596 versari?
311 535 428 598 Omitto
455 536 515 597 iam
543 539 628 615 plura
652 539 789 616 exempla
812 557 968 598 causarum
991 537 1137 616 amplissi-

129 653 254 707 mamm,
264 653 342 712 quae
356 643 425 695 sunt
439 633 685 695 innumerabilia:
707 634 811 713 capitis
826 634 920 695 nostri
933 655 1022 713 saepe
1036 646 1135 713 potest

128 729 265 792 accidere
283 741 316 792 ut
333 751 441 793 causae
457 742 611 793 versentur
627 732 658 793 in
676 732 746 794 iure.
792 732 913 793 Etenim
927 732 953 793 si
967 734 1001 794 C.
1019 732 1135 793 Manci-

99 851 113 899 5
129 848 211 902 num,
221 827 441 890 nobilissimum
454 841 545 908 atque
560 829 708 908 optimum
722 829 817 890 virum
831 841 923 907 atque
936 831 1133 904 consularem,

128 945 199 986 cum
210 946 280 986 eum
291 937 412 1004 propter
422 925 565 987 invidiam
577 926 755 988 Numantini
765 925 894 987 foederis
904 937 988 1003 pater
1001 937 1134 1003 patratus

128 1043 165 1082 ex
181 1042 203 1083 s.
220 1042 245 1083 c.
263 1022 456 1084 Numantinis
477 1022 642 1085 dedidisset
658 1042 790 1101 eumque
809 1022 851 1082 illi
868 1042 930 1083 non
952 1022 1134 1101 recepissent

127 1131 292 1198 posteaque
310 1119 472 1181 Mancinus
493 1121 619 1182 domum
640 1120 802 1181 revenisset
824 1139 923 1198 neque
943 1119 974 1179 in
995 1132 1133 1181 senatum

127 1215 248 1277 introire
271 1217 444 1291 dubitasset,
469 1220 501 1278 P.
526 1217 666 1291 Rutilius,
691 1220 734 1278 M.
758 1217 844 1291 filius,
867 1216 1004 1278 tribunus
1026 1216 1131 1295 plebis,

83 1335 114 1372 10
128 1312 212 1375 iussit
226 1313 323 1387 educi,
333 1316 417 1393 quod
431 1335 501 1375 eum
516 1314 612 1375 civem
627 1326 747 1392 negaret
761 1334 835 1387 esse,
847 1313 918 1392 quia
931 1313 1076 1375 memoria
1089 1313 1133 1375 sic

127 1421 205 1472 esset
219 1411 380 1489 proditum,
390 1431 481 1490 quem
495 1424 580 1490 pater
593 1432 665 1473 suus
678 1424 730 1473 aut
744 1413 873 1490 populus
883 1410 1067 1473 vendidisset
1080 1422 1133 1472 aut

85 1509 87 1513 ’
126 1520 210 1586 pater
223 1520 355 1586 patratus
370 1509 542 1582 dedidisset,
553 1508 581 1570 ei
595 1511 711 1570 nullum
725 1528 791 1569 esse
805 1506 1030 1586 postliminium,
1040 1528 1131 1586 quam
1148 1515 1193 1564 182

126 1625 286 1684 possumus
303 1606 430 1684 reperire
447 1628 484 1668 ex
500 1605 642 1668 omnibus
661 1607 750 1667 rebus
767 1605 904 1666 civilibus
923 1624 1044 1666 oausam
1061 1625 1132 1666 con-

126 1703 353 1782 tentionemque
367 1703 510 1765 maiorem
522 1724 613 1782 quam
628 1705 667 1765 de
681 1703 795 1777 ordine,
808 1705 846 1764 de
857 1701 984 1775 civitate,
997 1704 1036 1763 de
1046 1702 1132 1763 liber·

82 1823 112 1874 ¹5
126 1811 196 1874 tate,
211 1803 251 1862 de
264 1800 362 1879 capite
375 1799 506 1861 hominis
520 1800 692 1874 consularis,
708 1799 880 1879 praesertim
894 1819 964 1860 cum
979 1800 1054 1860 haec
1068 1819 1130 1861 non

126 1897 158 1958 in
174 1897 298 1959 erimine
314 1897 425 1976 aliquo,
440 1899 525 1976 quod
539 1897 588 1958 ille
602 1910 703 1976 posset
717 1896 844 1971 infitiari,
860 1899 914 1958 sed
928 1896 960 1957 in
974 1895 1053 1957 civili
1067 1896 1130 1958 iure

125 1995 323 2057 consisteret?
364 1994 519 2073 Similique
540 1994 572 2055 in
592 2014 710 2072 genere,
728 1994 866 2056 inferiore
887 1993 1001 2067 ordine,
1016 1993 1042 2054 si
1063 1993 1130 2072 quis

125 2094 208 2171 apud
230 2112 286 2153 nos
308 2091 445 2153 servisset
467 2112 504 2153 ex
526 2094 640 2170 populo
662 2093 816 2153 foederato
832 2111 958 2170 seseque
977 2090 1130 2152 liberasset

125 2200 156 2250 et
176 2202 281 2268 postea
301 2191 427 2251 domum
451 2188 621 2263 revenisset,
644 2189 813 2268 quaesitum
834 2201 879 2250 est
899 2189 981 2267 apud
1002 2187 1129 2250 maiores

79 2313 111 2348 20
125 2300 251 2361 nostros,
278 2308 351 2348 num
377 2287 401 2348 is
426 2288 466 2347 ad
488 2307 558 2348 suos
581 2286 765 2366 postliminio
787 2286 911 2348 redisset
933 2298 963 2347 et
982 2285 1129 2347 amisisset

124 2387 203 2446 hanc
220 2385 378 2447 civitatem.
424 2383 530 2460 Quid?
550 2384 589 2444 de
608 2383 751 2456 libertate,
770 2403 832 2461 quo
849 2381 992 2444 iudicium
1011 2381 1128 2459 gravius
1145 2397 1191 2459 183

124 2502 190 2543 esse
212 2484 328 2542 nullum
353 2492 460 2559 potest,
481 2500 582 2541 nonne
604 2500 641 2541 ex
663 2479 726 2541 iure
748 2479 826 2540 civili
848 2490 947 2557 potest
969 2498 1035 2538 esse
1059 2498 1129 2539 con-

124 2579 227 2653 tentio,
248 2600 318 2640 cum
341 2578 499 2657 quaeritur,
518 2577 551 2651 is,
572 2577 624 2656 qui
645 2576 760 2638 domini
781 2578 934 2637 voluntate
952 2595 1059 2636 census
1080 2575 1126 2649 sit,

142 2676 317 2748 ontinuone,
332 2695 380 2748 an,
396 2674 449 2736 ubi
463 2677 588 2735 lustrum
603 2673 640 2734 sit
655 2672 820 2746 conditum,
836 2672 910 2733 liber
924 2671 985 2732 sit?
1020 2671 1127 2747 Quid?

79 2802 109 2849 ²5
124 2696 207 2851 qdod
228 2793 284 2833 usu
306 2771 451 2833 memoria
472 2783 590 2849 patrum
611 2769 701 2843 venit,
724 2781 757 2830 ut
777 2767 995 2847 paterfamilias,
1018 2767 1070 2845 qui
1090 2787 1127 2828 ex

125 2869 274 2948 Hispania
298 2871 429 2930 Romam
453 2869 591 2942 venisset,
617 2888 686 2929 cum
712 2887 834 2928 uxorem
858 2876 1070 2945 praegnantem
1095 2863 1125 2925 in

123 2967 275 3045 provincia
287 2966 462 3044 reliquisset,
474 2968 591 3027 Romae
601 2968 722 3026 alteram
735 2964 867 3026 duxisset
878 2983 976 3041 neque
987 2961 1125 3022 nuntium

123 3064 212 3143 priori
232 3063 402 3137 remisisset,
419 3075 614 3141 mortuusque
635 3075 713 3124 esset
735 3062 875 3122 intestato
896 3072 926 3121 et
947 3080 983 3120 ex
1001 3071 1126 3136 utraque

123 3161 201 3222 filius
218 3172 305 3222 natus
322 3170 409 3233 esset,
424 3159 623 3221 mediocrisne
640 3180 686 3220 res
704 3158 735 3219 in
753 3157 978 3220 contentionem
994 3158 1125 3217 adducta

78 3285 110 3334 30
124 3268 177 3332 est,
200 3279 270 3320 cum
298 3268 488 3336 quaereretur
515 3260 554 3319 de
579 3257 698 3318 duobus
725 3255 835 3316 civium
861 3254 1008 3332 capitibus
1032 3265 1062 3314 et
1086 3254 1126 3314 de

123 3375 224 3434 puero,
240 3355 292 3434 qui
309 3376 346 3416 ex
362 3355 525 3433 posteriore
543 3366 630 3415 natus
648 3365 718 3427 erat,
736 3365 766 3415 et
784 3355 822 3414 de
839 3352 903 3413 eius
920 3363 1022 3424 matre,
1038 3371 1125 3428 quae,

118 3451 148 3513 *si
170 3451 349 3514 iudicaretur
373 3451 460 3514 certis
485 3451 666 3532 quibusdam
688 3449 794 3523 verbis,
819 3469 881 3510 non
905 3448 990 3509 novis
1013 3447 1125 3526 nuptiis

1154 506 1199 566 40

1150 587 1195 632 lot

154 3606 249 3656 1121?
313 3623 345 3670 ⁹4
362 3608 427 3657 liber
436 3608 470 3657 sit
481 3625 525 3657 m:
543 3605 649 3656 liberH
656 3623 662 3657 :
680 3606 748 3654 sitne
760 3602 856 3654 liberl.
923 3618 955 3664 ⁹7
974 3604 1125 3666 Romaeque

122 3691 176 3724 racc.
275 3689 308 3736 29
325 3671 558 3722 controversiamL
