2648 4216
76 251 120 327 56
131 275 179 324 230
472 250 516 307 M.
539 247 668 307 TVLLI
690 246 923 308 CICERONIS

190 416 314 496 quidem
343 413 467 477 facetius
496 414 611 476 dictum
635 414 793 489 videretur,
819 417 903 493 quod
930 435 994 476 nou
1017 425 1196 493 provocatus

190 513 395 592 responderit;
424 523 487 574 erat
506 524 608 573 autem
631 524 715 573 tanta
736 511 768 572 in
793 512 930 574 Domitio
953 512 1088 591 gravitas,
1113 524 1196 574 tanta

138 659 176 721 57
188 611 357 684 auctoritas,
381 621 422 684 ut,
447 611 531 689 quod
560 611 702 672 essetab
726 629 765 671 eo
786 609 948 684 obiectum,
973 612 1074 688 lepore
1101 609 1195 688 magis

127 751 172 798 231
189 712 350 770 levandum
369 730 461 788 quarn
479 709 674 770 contentione
692 711 889 787 frangendum
904 709 1071 769 videretur!
1112 712 1193 769 Tum

189 806 337 885 Sulpicius
361 807 452 885 ‘quid
472 805 582 885 igitur?
625 805 792 867 Patiemur’
812 805 911 884 inquit
934 808 1119 879 ‘Caesarem
1142 806 1225 884 quis

188 925 372 983 quamquam
387 902 456 987 [M]
472 907 582 967 Crasso
596 904 718 965 facetias
732 903 879 978 concedit,
891 914 992 964 tamen
1003 906 1099 964 multo
1111 904 1141 964 in
1156 926 1194 965 eo

189 1003 289 1064 studio
303 1003 397 1082 magis
411 1002 476 1081 ipse
489 1004 631 1078 elaborat,
647 1023 711 1063 non
725 1002 871 1080 explicare
885 1001 973 1062 nobis
988 1012 1084 1061 totum
1098 1022 1193 1079 genus

188 1102 247 1161 hoc
271 1099 391 1161 iocandi
416 1102 504 1178 quale
526 1100 564 1160 sit
587 1111 617 1162 et
640 1102 723 1162 unde
747 1102 892 1174 ducatur;
922 1097 1095 1178 praesertim
1122 1120 1193 1160 cum

189 1208 302 1257 tantam
316 1197 377 1257 vim
392 1209 422 1258 et
436 1197 595 1258 utilitatem
614 1197 683 1258 salis
700 1208 732 1258 et
749 1194 925 1258 urbanitatis
944 1216 1010 1257 esse
1028 1198 1193 1257 fateatur?'

188 1293 301 1370 ‘Quid,
315 1294 356 1354 si'
377 1293 474 1373 inquit
491 1294 585 1355 Iulius
607 1294 776 1355 ‘adsentior
793 1293 928 1355 Antonio
946 1293 1059 1354 dicenti
1078 1296 1192 1354 nullam
1208 1316 1240 1353 ro

127 1413 172 1461 232
188 1410 253 1451 esse
274 1403 368 1452 artem
389 1391 498 1452 salis?'
541 1391 604 1451 Hic
628 1412 698 1452 cum
720 1391 868 1469 Sulpicius
890 1390 1065 1463 reticuisset,
1090 1390 1192 1468 ‘quasi

186 1491 273 1549 vero’
290 1488 387 1567 inquit
402 1490 527 1551 Crassus
548 1490 674 1549 ‘horum
692 1488 836 1567 ipsorum,
849 1489 889 1548 de
910 1486 1020 1565 quibus
1039 1487 1192 1547 Antonius

186 1583 246 1644 iam
268 1584 320 1646 diu
342 1584 483 1662 loquitur,
496 1605 544 1645 ars
564 1587 626 1646 ulla
647 1585 702 1645 sit:
727 1584 896 1646 observatio
917 1586 1067 1662 quaedam
1089 1595 1144 1658 est,
1158 1595 1192 1643 ut

187 1680 252 1761 ipse
272 1681 354 1757 dixit,
370 1702 472 1743 earum
492 1703 600 1757 rerum,
616 1704 695 1762 quae
714 1681 747 1742 in
767 1682 899 1744 dicendo
920 1685 1020 1742 valent
1031 1703 1041 1756 ;
1065 1702 1143 1759 quae
1165 1680 1190 1741 si

186 1778 353 1858 eloquentis
375 1781 472 1840 facere
494 1789 605 1858 posset,
627 1779 695 1858 quis
718 1790 796 1840 esset
817 1800 880 1840 non
904 1781 1071 1856 eloquens?
1113 1777 1190 1854 Quis
1207 1803 1237 1854 ¹5

186 1876 267 1937 enirn
289 1878 364 1936 haec
386 1896 448 1936 non
472 1878 520 1936 vel
544 1876 632 1938 facile
656 1879 703 1937 vel
731 1887 811 1937 certe
837 1876 939 1954 aliquo
968 1878 1060 1936 modo
1088 1888 1191 1954 posset

186 1973 342 2033 ediscere?
383 1974 443 2034 Sed
467 1993 524 2050 ego
548 1973 580 2033 in
605 1973 652 2035 his
680 1972 846 2053 praeceptis
870 1974 949 2034 hanc
973 1973 1034 2033 vim
1058 1985 1089 2033 et
1111 1975 1190 2034 hanc

187 2069 344 2131 utilitatem
363 2090 429 2132 esse
444 2069 581 2146 arbitror,
594 2092 659 2132 non
675 2081 709 2132 ut
726 2073 767 2132 ad
783 2070 991 2151 reperiendum
1008 2073 1092 2149 quod
1111 2071 1191 2133 dica·

186 2187 263 2242 mus,
284 2177 347 2228 arte
369 2168 515 2229 ducamur
536 2170 591 2230 sed
613 2180 648 2229 ut
671 2189 715 2242 ea,
738 2189 817 2247 quae
839 2180 955 2243 natura,
975 2189 1053 2247 quae
1078 2169 1189 2246 studio,

184 2283 262 2342 quae
281 2263 490 2326 exercitatione
510 2265 731 2344 consequimur,
745 2277 798 2326 aut
816 2278 898 2327 recta
916 2285 981 2326 esse
999 2267 1188 2328 confidamus
1204 2292 1236 2327 ιο

183 2371 235 2422 aut
248 2381 338 2441 prava
351 2360 569 2440 intellegamus,
583 2384 653 2424 cum
668 2383 730 2442 quo
743 2365 898 2425 referenda
911 2363 971 2424 sint
985 2363 1185 2425 didicerimus.

120 2475 168 2526 ²33
184 2460 254 2534 Qua
267 2479 307 2534 re,
318 2460 436 2533 Caesar,
450 2479 507 2537 ego
522 2481 644 2539 quoque
658 2462 751 2522 hoca
764 2471 794 2521 te
807 2471 888 2539 peto,
900 2471 944 2535 ut,
952 2459 978 2520 si
991 2459 1046 2522 tibi
1060 2461 1188 2538 videtur,

182 2556 316 2635 disputes
337 2557 376 2616 de
397 2557 457 2617 hoc
479 2568 544 2618 toto
566 2556 687 2619 iocandi
709 2577 817 2635 genere
838 2556 912 2636 quid
933 2557 1050 2633 sentias,
1066 2580 1105 2620 ne
1126 2579 1187 2637 qua

182 2655 257 2714 sorte
278 2653 399 2715 dicendi
420 2673 497 2733 pars,
513 2655 657 2733 quoniam
678 2653 720 2716 ita
739 2654 883 2730 voluistis,
897 2654 930 2716 in
946 2657 1005 2716 hoc
1024 2655 1075 2716 tali
1095 2668 1185 2718 coetu

181 2762 271 2828 atque
295 2749 327 2811 in
352 2762 413 2811 tam
438 2763 579 2813 accurato
603 2773 742 2814 sermone
766 2752 923 2831 praeterita
944 2773 1010 2814 esse
1031 2753 1185 2814 videatur!
1200 2778 1230 2829 ²5

181 2851 261 2926 ‘Ego
270 2850 359 2923 vero,'
373 2847 471 2926 inquit
485 2848 535 2910 ille
549 2850 706 2928 ‘quoniam
718 2851 886 2912 conlectam
896 2871 915 2911 a
924 2850 1058 2926 conviva,
1067 2854 1183 2926 Crasse,

180 2945 282 3022 exigis,
291 2966 352 3006 non
367 2945 555 3006 committam
570 2958 614 3022 ut,
624 2947 649 3009 si
662 2947 837 3025 defugerim,
849 2947 904 3009 tibi
918 2969 1039 3010 causam
1052 2949 1185 3028 aliquam

179 3043 337 3104 recusandi
346 3045 425 3104 dem.
456 3045 651 3123 Quamquam
665 3049 749 3108 soleo
763 3065 853 3125 saepe
867 3044 965 3106 mirari
975 3066 1078 3107 eorum
1089 3046 1185 3126 impu-

179 3139 322 3214 dentiam,
342 3139 394 3218 qui
415 3153 508 3219 agunt
529 3142 561 3202 in
581 3163 689 3205 scaena
711 3156 831 3224 gestum
847 3143 1033 3222 inspectante
1050 3144 1163 3206 Roscio
1174 3166 1184 3220 ;

211 3291 244 3340 Μ
253 3317 275 3334 =
288 3293 372 3342 ΑΕΗ
469 3311 485 3356 4
503 3296 658 3348 elevandum
674 3299 696 3348 L
709 3300 777 3363 υκῖζ.
896 3302 1016 3349 contione
1028 3300 1050 3348 L

178 3360 306 3421 patiemur
317 3358 361 3409 M:
383 3362 542 3422 patiemurne
553 3361 593 3410 Ηι
608 3364 655 3427 Lg.
671 3380 686 3425 4
763 3368 780 3413 6
798 3365 833 3415 M.
848 3364 936 3416 om.L
1037 3381 1050 3425 7
1069 3365 1182 3414 elaborat

179 3439 233 3474 mc.
256 3440 306 3473 non
326 3425 404 3474 nulli:
422 3425 521 3476 laborat
537 3427 606 3478 codd.
731 3430 813 3479 Bhoc
834 3431 883 3480 ioc.
904 3431 979 3492 quale
996 3446 1047 3478 om.
1067 3430 1099 3476 M
1114 3436 1181 3492 (cum

177 3490 257 3554 spano
265 3506 343 3539 vacam
352 3491 463 3539 duorum
467 3492 522 3553 sm
529 3493 662 3557 versuum)
732 3510 761 3555 ¹3
778 3495 904 3557 quaedam
914 3503 954 3544 est
962 3494 1000 3546 L:
1018 3496 1142 3556 quaedam
1151 3494 1185 3542 M

180 3571 209 3616 ¹5
227 3557 309 3619 possit
326 3554 359 3602 M
424 3572 453 3617 17
471 3557 512 3606 his
525 3572 564 3619 pr.
584 3558 653 3606 codd.
668 3575 674 3606 ε
695 3558 726 3606 iis
739 3575 777 3621 pr.
792 3561 824 3608 H
914 3577 947 3609 ao
963 3560 1122 3610 confidamus
1133 3569 1181 3609 aut

178 3637 259 3734 pravq
267 3639 318 3673 om.
333 3620 366 3669 M
377 3622 434 3684 (xiii
442 3620 478 3684 H,
492 3623 520 3670 r‘x
529 3621 565 3684 A,
580 3620 624 3670 litt.
639 3629 676 3684 sp.
691 3626 774 3687 vac.):
793 3625 884 3673 confisi
895 3624 920 3672 E
997 3642 1030 3687 29
1046 3631 1181 3687 spectante

214 3703 281 3751 nug.
