2648 4216
436 257 495 316 DE
516 256 723 317 ORATORE
766 257 817 316 III
1134 269 1227 330 ‚2492

123 421 194 496 sitis,
211 421 414 500 comportatis,
430 433 464 482 ut
478 421 540 495 tibi,
558 425 678 498 Caesar,
691 423 863 485 iaciendum
878 435 924 485 est
939 425 980 485 ad
998 443 1131 499 annum3

123 531 156 581 ut
176 540 232 597 ego
251 520 283 580 in
301 520 453 581 aedilitate
472 520 611 593 laboravi,
632 522 716 598 quod
736 520 895 581 cotidianis
916 531 946 582 et
964 519 1130 581 vernaculis

123 619 212 678 rebus
241 617 311 677 satis
339 620 436 678 facere
464 638 513 678 me
540 637 630 696 posse
657 617 728 678 huic
751 621 865 697 populo
889 639 952 679 non
975 619 1127 697 putabam.

123 717 292 776 Verborum
321 715 526 793 eligendorum
554 726 585 776 et
612 718 867 776 conlocandorum
892 726 922 776 et
950 718 1176 790 concluden-93

94 815 231 887 5dorum
246 812 340 873 facilis
354 823 400 873 est
416 814 464 872 vel
482 810 558 872 ratio
576 814 624 872 vel
643 812 708 874 sine
724 813 838 874 ratione
857 813 922 891 ipsa
941 813 1112 875 exercitatio
1121 836 1130 888 3

123 932 222 972 rerum
236 921 281 971 est
296 911 370 971 silva
383 930 499 987 magna,
516 931 607 988 quam
622 931 692 971 cum
707 910 815 972 Graeci
833 910 893 971 iam
913 930 976 971 non
995 922 1131 972 tenerent

123 1011 165 1069 ob
190 1029 317 1087 eamque
341 1029 464 1069 causam
488 1007 628 1068 iuventus
650 1020 751 1069 nostra
773 1009 941 1070 dedisceret
967 1029 1064 1088 paene
1088 1009 1131 1069 di·

124 1108 245 1181 scendo,
272 1105 362 1166 etiam
388 1105 499 1181 Latini,
523 1104 548 1164 si
568 1104 614 1165 dis
636 1107 743 1182 placet,
770 1107 829 1166 hoc
851 1105 975 1167 biennio
999 1105 1131 1184 magistri

123 1202 246 1264 dicendi
273 1202 467 1277 exstiterunt3
501 1222 577 1280 quos
603 1223 659 1280 ego
683 1223 790 1263 censor
818 1203 918 1264 edicto
942 1223 1012 1264 meo
1036 1215 1131 1264 sustu·

81 1302 224 1373 toletam,
240 1319 303 1360 non
317 1319 387 1377 qu0‚
403 1310 437 1359 ut
454 1298 557 1360 nescio
572 1319 648 1376 quos
666 1299 765 1360 dicere
781 1299 910 1372 aiebant,
926 1300 994 1360 acui
1010 1299 1130 1377 ingenia

122 1396 360 1457 adulescentium
385 1398 505 1470 nollem,
533 1399 587 1457 sed
611 1407 715 1456 contra
739 1396 859 1474 ingenia
883 1396 1011 1457 obtundi
1035 1397 1126 1470 nolui,

123 1493 314 1555 conroborari
328 1493 555 1573 impudentiam.
599 1495 679 1553 Nam
693 1495 775 1571 apud
791 1495 929 1567 Graecos,
946 1493 1128 1555 cuicuimodi
1141 1520 1175 1571 94

124 1604 231 1668 essent,
260 1592 401 1654 videbam
429 1603 530 1653 tamen
556 1612 620 1653 esse
645 1603 761 1670 praeter
785 1593 863 1652 hanc
888 1592 1128 1653 exercitationem

123 1690 242 1767 linguae
256 1689 423 1752 doctrinam
437 1689 569 1768 aliquam
584 1699 614 1749 et
627 1688 814 1749 humanitate
828 1688 949 1768 dignam
964 1688 1130 1764 scientiam,

67 1812 109 1861 ,¹5
123 1788 180 1849 hos
198 1807 269 1848 vero
290 1806 385 1848 novos
404 1786 559 1865 magistros
579 1785 654 1847 nihil
673 1785 883 1864 intellegebam
903 1805 992 1865 posse
1011 1788 1130 1861 docere,

124 1883 181 1944 nisi
195 1894 228 1944 ut
242 1885 387 1944 auderent
396 1905 405 1959 3
426 1883 614 1961 quodetiam
629 1904 699 1944 cum
719 1883 807 1944 bonis
826 1884 915 1945 rebus
934 1883 1129 1944 coniunctum

123 2001 177 2060 per
191 2000 223 2041 se
237 1980 336 2057 ipsum
350 1991 395 2041 est
414 2001 524 2058 magno
543 2002 634 2060 opere
653 1981 847 2060 fugiendum:
868 1983 927 2042 hoc
946 2002 1015 2042 cum
1034 2002 1129 2043 unum

124 2080 288 2138 traderetur
314 2089 345 2138 et
372 2098 442 2138 cum
470 2078 677 2157 impudentiae
705 2082 794 2140 ludus
822 2090 910 2154 esset,
937 2078 1039 2158 putavi
1063 2100 1129 2141 esse

123 2175 263 2249 censoris,
289 2196 328 2236 ne
352 2176 469 2254 longius
493 2176 525 2238 id
550 2188 688 2254 serperet,
713 2177 877 2255 providere.
935 2177 1128 2256 Quamquam
1141 2201 1173 2253 95

80 2299 111 2334 πο
124 2292 186 2333 non
213 2275 289 2334 haec
316 2272 358 2333 ita
382 2284 480 2333 statuo
503 2285 594 2352 atque
618 2277 757 2348 decerno,
783 2286 817 2334 ut
840 2277 997 2353 desperem
1022 2275 1129 2336 Latine
1153 2311 1155 2314 <

123 2372 222 2444 eade
241 2370 351 2449 quibus
370 2370 594 2449 disputavimus,
612 2371 688 2433 tradi
706 2392 743 2432 ac
761 2372 901 2450 perpoliri
912 2381 1006 2449 posse,
1021 2372 1131 2450 patitur

124 2467 205 2528 enim
219 2479 250 2528 et
263 2468 364 2545 lingua
378 2480 479 2529 nostra
499 2479 528 2529 et
548 2480 653 2529 natura
672 2489 770 2530 rerum
789 2481 918 2529 veterem
938 2469 1020 2529 illam
1037 2472 1130 2530 excel-

123 2568 296 2645 lentemque
338 2566 529 2644 prudentiam
568 2569 751 2629 Graecorum
789 2569 829 2627 ad
867 2576 1002 2626 nostrum
1040 2586 1129 2628 usum

124 2683 299 2741 moremque
318 2663 474 2737 transferri,
494 2666 548 2725 sed
566 2663 740 2725 hominibus
762 2683 837 2741 opus
859 2675 904 2724 est
925 2663 1055 2736 eruditis,
1077 2663 1129 2742 qui

80 2778 109 2829 ²5
123 2761 224 2822 adhuc
254 2760 285 2820 in
313 2762 373 2821 hoc
400 2760 523 2838 quidem
551 2781 660 2838 genere
687 2760 781 2821 nostri
808 2760 882 2821 nulli
910 2762 1047 2835 fuerunt3
1082 2761 1128 2822 sin

123 2858 247 2935 quando
260 2856 435 2931 exstiterint,
449 2856 539 2918 etiam
554 2857 676 2918 Graecis
691 2868 778 2918 erunt
791 2856 1003 2936 anteponendi.

164 2955 294 3016 Ornatur
321 2954 409 3032 igitur
436 2953 531 3015 oratio
557 2975 666 3032 genere
697 2954 827 3033 primum
855 2966 886 3015 et
912 2954 999 3032 quasi
1026 2958 1126 3017 colore
1138 2926 1179 3070 ἔξ

123 3053 256 3129 quodam
274 3061 304 3112 et
323 3071 396 3112 suco
415 3070 470 3112 suo
480 3073 489 3125 3
510 3071 580 3111 nam
602 3062 635 3111 ut
655 3052 758 3129 gravis,
775 3062 808 3112 ut
828 3050 935 3125 suavis,
957 3063 991 3112 ut
1011 3052 1127 3114 erudita

123 3149 168 3224 sit,
185 3160 218 3210 ut
232 3148 368 3222 liberalis,
385 3159 418 3208 ut
431 3147 624 3223 admirabilis,
635 3159 668 3208 ut
682 3148 785 3227 polita,
796 3159 828 3209 ut
842 3168 955 3222 sensus,
969 3159 1001 3209 ut
1016 3150 1127 3211 doloris

79 3271 111 3320 30
123 3249 233 3308 habeat
249 3257 396 3325 quantum
415 3266 492 3324 opus
510 3246 555 3320 sit,
572 3266 633 3306 non
653 3258 698 3306 est
716 3245 900 3323 singulorum
917 3246 1127 3323 articulorum3

123 3344 155 3405 in
177 3356 241 3406 toto
263 3355 434 3422 spectantur
456 3346 531 3405 haec
555 3363 686 3422 corpore.
730 3347 775 3406 Ut
797 3364 885 3422 porro
907 3365 1068 3423 conspersa
1089 3345 1127 3407 sit

158 3514 188 3548 ιη
204 3500 356 3549 cuicuimodi
366 3499 516 3547 Manutius:
532 3499 576 3559 qui
589 3498 731 3546 cuiusmodi
742 3496 810 3546 codd.
894 3514 925 3559 14
941 3500 1126 3549 humanitatem

123 3565 228 3627 dignam
241 3566 349 3614 scientia
360 3564 428 3613 codd.
440 3582 447 3612 ι
463 3580 522 3613 corr.
536 3561 682 3612 Lambinus
792 3577 822 3610 21
841 3578 919 3626 posse
931 3564 1028 3613 addidit
1038 3563 1128 3615 Pearce

123 3645 156 3693 ²9
172 3631 268 3680 doloris
279 3631 364 3679 Bake:
380 3628 484 3678 dolores
496 3627 563 3677 codd.
