2648 4216
463 261 521 321 us
542 259 750 322 oratioue
793 261 825 321 11
1160 271 1241 340 15⁶4

142 448 220 506 quae
239 427 364 490 traditae
383 439 461 502 sunt,
484 430 598 489 habent
618 431 743 490 nullum.
787 431 889 508 Atque
909 430 941 491 in
963 432 1022 492 hoc
1038 449 1146 508 genere
1160 434 1191 500 ⁶⁵

144 524 193 586 illa
206 545 328 604 quoque
342 538 387 588 est
401 525 517 587 infinita
531 526 611 599 silva,
628 528 711 605 quod
726 527 834 587 oratori
849 526 992 606 plerique,
1008 539 1041 588 ut
1055 527 1146 589 etiam

144 624 267 685 Crassus
281 623 420 696 ostendit,
433 625 495 684 duo
509 643 618 701 genera
631 625 671 684 ad
684 623 850 685 dicendum
864 626 1028 686 dedemnt:
1053 644 1147 685 unum

143 722 284 781 decerta
311 720 495 799 definitaque
522 742 620 794 causa,
647 724 751 800 quales
774 734 854 795 sunt,
879 722 1011 800 quaein
1036 721 1145 796 litibus,

115 838 220 896 5quae
244 817 276 878 in
300 817 567 880 deliberationibus
591 831 753 893 versantur,
783 821 883 893 addat,
909 819 934 880 si
962 819 1030 898 quis
1057 821 1146 893 volet,

143 914 233 976 etiam
260 915 465 990 laudationes3
499 918 634 988 alterum,
664 918 747 994 quod
774 918 926 995 appellant
953 936 1059 978 omnes
1086 919 1147 977 lere

143 1012 308 1090 scriptores
323 1013 451 1092 explicat
468 1033 567 1087 nemo,
583 1012 731 1073 infinitam
747 1013 864 1091 generis
885 1013 950 1075 sine
964 1024 1098 1091 tempore
1116 1024 1147 1074 et

141 1109 207 1188 sine
221 1129 349 1188 persona
362 1109 578 1188 quaestionem.
624 1112 695 1170 Hoc
715 1110 834 1188 quidet
852 1122 999 1188 quantum
1014 1110 1060 1183 sit,
1076 1130 1146 1171 cum

142 1206 257 1280 dicunt,
272 1206 442 1285 intellegere
457 1206 531 1267 mihi
550 1227 613 1268 non
627 1206 783 1268 videntur:
815 1207 841 1268 si
857 1207 939 1268 enim
953 1219 998 1268 est
1012 1207 1144 1282 oratoris,
1160 1214 1193 1266 66

99 1327 132 1364 ιο
143 1324 352 1383 quaecumque
379 1325 426 1365 res
453 1303 570 1365 infinite
594 1304 692 1383 posita
720 1303 765 1378 sit,
795 1306 835 1365 de
862 1324 899 1365 ea
925 1324 1014 1383 posse
1036 1304 1146 1378 dicere,

142 1401 306 1463 dicendum
328 1401 383 1462 erit
403 1400 439 1475 ei,
463 1413 576 1478 quanta
596 1400 634 1461 sit
655 1401 726 1461 solis
747 1401 930 1478 magnitudo,
954 1422 1032 1480 quae
1052 1404 1149 1463 forma

143 1509 257 1574 terrae3
278 1500 317 1560 de
332 1498 558 1571 mathematicis,
575 1499 615 1559 de
632 1498 753 1559 musicis
772 1500 861 1559 rebus
875 1519 937 1559 non
951 1498 1059 1577 poterit
1074 1498 1147 1577 quin

142 1594 224 1656 dicat
237 1596 297 1657 hoc
310 1615 401 1656 onere
412 1608 552 1675 suscepto
566 1615 720 1670 recusare;
740 1595 872 1673 denique
885 1594 924 1670 ei,
932 1594 984 1673 qui
993 1597 1148 1675 profitetur

142 1713 209 1753 esse
223 1713 310 1753 suum
325 1713 388 1754 non
402 1696 500 1755 solum
521 1695 561 1755 de
578 1693 620 1755 eis
638 1692 854 1766 controversiis,
870 1712 948 1770 quae
962 1693 1147 1771 temporibus

99 1807 130 1858 ¹5
142 1800 173 1850 et
194 1789 329 1868 personis
350 1801 471 1852 notatae
492 1802 570 1865 sunt,
594 1792 653 1851 hoc
672 1802 725 1864 est,
748 1792 787 1852 de
806 1790 947 1852 omnibus
968 1790 1145 1864 forensibus

143 1888 197 1948 sed
211 1887 301 1948 etiam
315 1889 355 1949 de
369 1908 512 1966 generum
526 1887 650 1948 infinitis
665 1886 891 1967 quaestionibus
905 1887 1013 1960 dicere,
1030 1890 1146 1947 nullum

143 1996 315 2061 potestesse
328 2004 423 2062 genus
434 1984 585 2058 orationis,
596 1987 680 2064 quod
694 1985 732 2046 sit
746 1997 912 2064 exceptum.
950 1987 1010 2047 Sed
1025 1985 1049 2046 si
1064 1985 1145 2046 illam

143 2102 264 2160 quoque
292 2094 407 2160 partem
435 2082 646 2160 quaestionum
678 2082 787 2144 oratori
814 2085 953 2144 volumus
985 2082 1147 2162 adiungere

143 2200 248 2258 vagam
262 2192 293 2242 et
309 2181 433 2242 liberam
454 2192 485 2242 et
501 2183 560 2242 late
581 2192 743 2259 patentem,
763 2192 796 2241 ut
817 2183 856 2242 de
878 2182 966 2242 rebus
986 2181 1075 2242 bonis
1096 2193 1148 2241 aut

99 2277 238 2351 romulis,
254 2277 428 2357 expetendis
442 2288 494 2339 aut
512 2277 670 2356 fugiendis,
693 2277 827 2339 honestis
841 2289 893 2338 aut
912 2277 1057 2357 turpibus,
1073 2278 1149 2339 utili·

143 2376 200 2436 bus
214 2388 266 2437 aut
280 2375 443 2450 inutilibus,
459 2377 499 2437 de
513 2375 629 2450 virtute,
645 2377 685 2437 de
704 2375 823 2450 iustitia,
839 2377 879 2437 de
899 2375 1092 2450 continentia,
1108 2379 1148 2438 de

143 2473 309 2552 prudentia,
326 2475 365 2534 de
380 2473 587 2552 magnitudine
601 2473 702 2547 animi,
719 2475 758 2534 de
772 2473 956 2547 liberalitate,
972 2475 1012 2534 de
1025 2473 1145 2552 pietate,

142 2573 182 2632 de
205 2571 343 2646 amicitia,
370 2573 409 2634 de
430 2571 538 2646 officio,
560 2573 600 2633 de
621 2573 690 2645 fide,
713 2573 752 2633 de
773 2571 878 2632 ceteris
898 2570 1056 2631 virtutibus
1077 2591 1147 2631 con-

143 2669 296 2748 trariisque
315 2669 393 2730 vitiis
411 2669 575 2731 dicendum
594 2668 704 2731 oratori
724 2680 864 2748 putemus
874 2690 882 2742 3
910 2667 1043 2745 itemque
1062 2669 1102 2728 de
1115 2688 1147 2728 re

101 2785 131 2836 25
143 2766 271 2845 publiea,
287 2770 327 2830 de
341 2768 475 2847 imperio,
491 2770 530 2829 de
545 2788 575 2828 re
590 2767 716 2839 militari,
732 2768 772 2828 de
786 2764 943 2843 disciplina
956 2764 1091 2839 civitatis,
1106 2767 1146 2827 de

142 2864 299 2926 hominurn
314 2866 456 2940 moribus,
468 2868 662 2927 adsumamus
676 2886 743 2926 eam
758 2884 879 2942 quoque
893 2875 1015 2941 partem,
1026 2864 1080 2924 sed
1094 2862 1144 2938 ita,

142 2973 175 3022 ut
193 2962 231 3023 sit
252 2963 474 3041 circumscripta
495 2962 621 3024 modicis
643 2962 821 3040 regionibus.
865 2960 1016 3039 Equidem
1033 2961 1143 3036 omnia,
1158 2965 1191 3017 68

142 3080 220 3138 quae
243 3061 392 3140 pertinent
419 3063 459 3123 ad
483 3082 572 3122 usum
594 3060 712 3133 civium,
739 3079 854 3120 morem
876 3057 1042 3130 hominum,
1068 3078 1146 3136 quae

141 3170 295 3220 versantur
314 3159 346 3219 in
362 3159 581 3221 consuetudine
599 3159 686 3233 vitae,
708 3158 740 3219 in
759 3157 873 3219 ratione
892 3156 933 3218 rei
949 3155 1095 3236 publicae,
1115 3155 1146 3217 in

98 3275 130 3324 30
142 3257 199 3317 hac
213 3257 355 3319 societate
370 3257 456 3332 civili,
469 3257 500 3317 in
514 3278 604 3318 sensu
619 3255 750 3317 hominis
761 3254 924 3329 communi,
939 3254 971 3314 in
985 3265 1098 3328 natura,
1113 3253 1145 3314 in

142 3354 283 3429 moribus,
300 3356 585 3434 comprehendenda
604 3374 670 3415 esse
691 3351 800 3413 oratori
821 3364 914 3430 puto;
945 3352 970 3412 si
992 3351 1091 3412 minus
1112 3363 1145 3413 ut

1162 1961 1174 2004 1

1160 2037 1192 2102 ⁶7

175 3511 336 3561 M=AEH
383 3511 577 3575 poratoresM
636 3525 664 3559 11
683 3508 862 3572 plenitudoM
923 3522 952 3570 15
969 3508 1145 3559 nonem:

140 3579 243 3626 comat
253 3577 387 3627 Manutius
462 3579 492 3626 ru
508 3577 649 3639 adiungere
661 3574 684 3623 L
695 3575 763 3639 uulgt.
777 3591 783 3623 τ
800 3574 962 3638 adiungimus
974 3573 1008 3621 M
1016 3591 1022 3623 t
1038 3574 1145 3636 adiungi

140 3641 263 3692 Fn'rdn'ch
329 3658 358 3692 ar
377 3659 410 3692 an
423 3642 487 3693 inut.
502 3642 535 3691 M
604 3657 637 3704 24
655 3647 775 3704 putamus
788 3640 821 3689 M
892 3655 926 3702 30
941 3653 1021 3689 sensu
1034 3638 1145 3689 hominis

142 3709 185 3758 M:
203 3723 225 3759 s.
237 3708 370 3758 hominum
381 3708 449 3772 vulg.
