2648 4216
450 260 508 320 oa
530 260 737 321 onaroaa
779 261 813 321 1·1
1145 275 1213 340 μα

127 425 199 501 otio,
215 427 299 504 quod
313 438 343 488 et
356 447 423 489 raro
436 429 524 488 datur
536 439 567 488 et
581 448 662 489 nunc
675 441 832 507 peroptato
846 429 934 491 nobis
947 432 1052 491 datum
1065 429 1133 490 est?

126 527 191 584 Aut
205 523 344 586 homines
359 525 400 586 ab
419 525 479 585 hoc
496 544 605 602 genere
619 523 829 602 disputationis
845 526 944 601 alieni,
960 526 1012 604 qui
1027 544 1132 586 omnes

127 621 156 682 ei
176 641 287 696 sumus,
303 633 338 683 ut
356 621 421 684 sine
439 622 486 684 his
505 622 612 683 studiis
625 622 717 683 vitam
735 626 849 684 nullam
866 645 931 688 esse
948 624 1133 685 ducamus?'

129 718 259 781 ‘Omnia
272 718 344 780 ista’
358 719 456 798 inquit
472 721 598 782 Crassus
614 724 688 798 ‘ego
700 720 761 780 alio
775 723 868 782 modo
882 721 1064 800 interpretor,
1080 719 1133 798 qui
1148 733 1176 769 ²1

97 837 113 886 5
127 816 258 895 primum
272 819 450 895 palaestram
464 829 494 879 et
508 819 595 879 sedes
612 829 643 878 et
659 818 791 896 porticus
805 817 895 879 etiam
910 818 999 897 ipsos,
1016 820 1132 891 Catule,

127 915 260 975 Graecos
282 913 500 975 exercitationis
521 926 552 976 et
573 914 780 975 delectationis
804 935 894 976 causa
921 935 984 975 non
1004 914 1135 993 disputa-

128 1011 219 1072 tionis
233 1011 382 1073 invenisse
400 1011 526 1073 arbitror
535 1034 543 1087 ;
564 1032 635 1072 nam
654 1024 684 1073 et
701 1012 827 1074 saeculis
847 1013 948 1087 multis
966 1025 1036 1074 ante
1054 1033 1136 1091 gym-

128 1108 213 1168 nasia
226 1108 348 1170 inventa
358 1120 436 1182 sunt,
449 1129 540 1187 quam
554 1108 586 1169 in
600 1109 643 1170 eis
658 1109 830 1188 philosophi
843 1110 950 1188 garrire
961 1121 1133 1189 coeperunt,

128 1218 160 1267 et
168 1208 228 1267 hoc
238 1206 304 1286 ipso
315 1218 457 1286 tempore,
470 1227 540 1267 cum
550 1207 652 1268 omnia
660 1207 813 1286 gymnasia
823 1209 994 1287 philosophi
1004 1219 1142 1282 teneant.

84 1322 116 1358 ιο
129 1315 232 1364 tamen
252 1324 357 1365 eorum
376 1303 528 1364 auditores
549 1303 666 1367 discum
687 1304 790 1366 audire
811 1325 902 1383 quam
921 1305 1136 1385 philosophum

129 1402 246 1460 malunt
255 1422 264 1476 3
284 1399 337 1479 qui
356 1399 445 1461 simul
459 1412 492 1461 ut
507 1399 661 1478 increpuit,
677 1400 709 1460 in
724 1401 824 1462 media
837 1401 971 1463 oratione
989 1403 1028 1463 de
1047 1401 1137 1462 maxi·

129 1496 187 1557 mis
208 1499 297 1558 rebus
318 1509 348 1559 et
368 1497 547 1576 gravissimis
569 1497 772 1577 disputantem
794 1498 1008 1578 philosophum
1029 1519 1135 1560 omnes

128 1594 280 1656 unctionis
304 1615 394 1657 causa
418 1594 608 1673 relinquunt;
636 1595 677 1656 ita
701 1596 880 1658 levissimam
903 1597 1134 1658 delectationem

128 1692 327 1770 gravissimae,
337 1703 371 1752 ut
381 1691 437 1771 ipsi
445 1694 552 1765 ferunt,
563 1692 681 1753 utilitati
689 1704 886 1771 anteponunt
916 1693 1021 1756 Otium
1031 1705 1133 1755 autem
1150 1717 1178 1752 υ

85 1811 114 1859 ¹5
129 1791 213 1867 quod
232 1788 308 1850 dicis
324 1808 398 1862 esse,
415 1788 585 1863 adsenti013
606 1810 708 1850 verum
728 1789 770 1850 oti
790 1792 901 1851 fructus
918 1802 964 1851 est
982 1810 1045 1851 non
1062 1810 1133 1851 con-

130 1886 225 1948 tentio
245 1885 346 1960 animi,
367 1887 421 1948 sed
441 1886 589 1947 relaxatio.
632 1889 728 1966 Saepe
748 1908 785 1948 ex
806 1907 910 1949 socero
931 1908 1000 1950 meo
1020 1885 1167 1963 audivi,6

130 2005 200 2046 cum
223 1984 248 2044 is
270 1983 383 2045 diceret
407 2004 543 2045 socerum
568 2005 655 2045 suum
682 1985 816 2047 Laelium
840 2006 958 2065 semper
979 1989 1039 2048 fere
1062 2005 1132 2047 cum

130 2081 270 2161 Scipione
284 2081 405 2143 solitum
420 2081 553 2142 rusticari
567 2101 680 2160 eosque
697 2082 909 2144 incredibiliter
929 2103 1143 2162 repuerascere.

130 2200 196 2241 esse
206 2179 318 2253 solitos,
328 2199 399 2240 cum
412 2198 462 2240 rus
476 2200 513 2240 ex
527 2179 600 2240 urbe
611 2191 764 2257 tamquam
779 2200 797 2240 e
811 2180 916 2241 vinclis
929 2180 1134 2242 evolavissent

86 2298 117 2334 πο
131 2279 160 2338 N
163 2297 204 2338 on
219 2279 319 2338 audeo
336 2276 436 2338 dicere
455 2279 494 2338 de
513 2275 622 2337 talibus
636 2275 712 2350 viris,
729 2278 783 2338 sed
802 2289 903 2339 tamen
923 2278 963 2338 ita
983 2280 1059 2339 solet
1073 2298 1137 2338 nar-

130 2396 194 2437 rare
216 2377 366 2449 Scaevola,
387 2377 519 2437 conchas
538 2394 592 2435 eos
608 2386 639 2434 et
657 2373 816 2434 umbilicos
833 2376 873 2435 ad
893 2374 1028 2437 Caietam
1047 2387 1078 2436 et
1096 2376 1137 2436 ad

131 2475 314 2534 Laurentum
332 2475 429 2552 legere
449 2492 609 2534 consuesse
630 2484 661 2532 et
681 2474 721 2532 ad
738 2492 860 2534 omnem
879 2472 972 2532 animi
990 2472 1136 2534 remissio·

130 2591 202 2632 nem
222 2572 389 2649 ludumque
410 2572 601 2632 descendere.
646 2569 695 2630 Sic
716 2569 796 2630 enim
818 2589 865 2630 res
886 2590 951 2630 sese
972 2571 1071 2643 habet,
1092 2581 1181 2644 ut‚,-²3

131 2670 276 2746 quemad
291 2669 416 2731 modum
431 2667 558 2728 volucris
572 2666 710 2728 videmus
730 2666 942 2744 procreationis
956 2678 1046 2745 atque
1061 2667 1136 2727 utili-

86 2787 97 2820 2
101 2789 116 2838 5
131 2764 200 2826 tatis
214 2785 285 2826 suae
299 2784 393 2827 eausa:
401 2766 539 2843 effingere
553 2776 584 2825 et
598 2776 769 2824 construere
783 2763 880 2838 nidos,
893 2766 1014 2825 easdem
1025 2776 1135 2839 autem,

131 2846 201 2923 cum
220 2861 334 2941 aliquid
352 2861 512 2935 effecerint,
528 2861 647 2922 levandi
667 2861 777 2922 laboris
796 2861 842 2922 sui
859 2882 949 2922 causa
969 2861 1079 2940 passim
1100 2883 1136 2924 ac

130 2960 223 3021 libere
238 2963 350 3021 solutas
364 2980 454 3038 opere
469 2960 599 3032 volitare,
616 2959 659 3021 sic
674 2960 767 3020 nostri
786 2959 879 3019 animi
896 2958 1022 3037 negotiis
1041 2962 1136 3032 foren·
1185 3007 1190 3031 .-

131 3056 215 3118 sibus
228 3070 319 3136 atque
333 3057 449 3118 urbano
460 3077 551 3135 opere
565 3057 675 3118 defessi
689 3057 817 3134 gestiant
831 3077 866 3118 ac
877 3056 999 3118 volitare
1013 3057 1142 3136 cupiant-

131 3154 218 3216 vacui
232 3175 303 3216 cura
316 3175 352 3216 ac
365 3157 476 3216 labore.
521 3157 628 3233 Itaque
647 3155 721 3216 illud
739 3175 803 3233 ego,
820 3157 903 3233 quod
923 3154 954 3214 in
973 3175 1063 3216 causa
1077 3157 1135 3218 Cu·
1150 3179 1181 3227 ²4

85 3271 119 3321 30
131 3251 214 3313 riana
228 3254 388 3314 Scaevolae
402 3252 471 3325 dixi,
484 3273 547 3314 non
557 3252 619 3314 dixi
633 3273 719 3314 secus
732 3273 768 3314 ac
783 3252 967 3315 sentiebam:
988 3273 1059 3313 nam
1076 3253 1145 3327 ‘si‚’'

131 3348 255 3427 inquam
276 3352 445 3422 ‘Scaevola
467 3352 582 3410 nullum
603 3350 659 3411 erit
680 3361 891 3412 testamentum
913 3363 993 3412 recte
1014 3353 1144 3425 factum„

165 3504 198 3552 M
209 3505 329 3555 =AEH
370 3504 391 3519 '¹
436 3508 496 3555 oet
516 3506 696 3556 delectationis
714 3521 763 3556 om.
779 3505 813 3554 M
878 3521 931 3554 non
953 3503 1136 3566 disputationis

132 3571 225 3634 om.M
303 3572 485 3634 9timeantM
565 3573 899 3634 17suumrecc.:meumM
974 3573 1003 3618 18
1016 3586 1136 3632 repuera-

132 3635 255 3686 scereL:
268 3651 452 3698 repuerescere
466 3637 497 3684 M
501 3637 504 3648 ’
537 3653 570 3686 ao
588 3639 686 3686 narrari
699 3637 732 3685 M
795 3638 828 3685 all
845 3636 973 3698 gestiunt.
989 3672 995 3687 .
1009 3637 1136 3698 ‚cupiunt

133 3701 213 3750 aaa*
232 3701 321 3764 ltaque
332 3701 415 3751 delenti
425 3700 568 3751 Lambinus
580 3709 608 3751 ut
620 3703 650 3766 (1.
665 3701 709 3766 23)
905 3709 910 3722 ·’
1032 3704 1033 3707 ’
1141 3709 1143 3713 ’

433 3869 455 3912 0
