2648 4216
82 277 115 338 31
132 286 179 338 12⁵
474 261 519 321 M.
540 262 670 321 TVLLI
692 260 925 323 CICERONIS

194 427 244 489 ille
258 430 340 489 haud
354 448 434 501 sane,
451 447 543 506 quern
558 429 600 488 ad
618 429 744 489 modum
763 427 854 487 verba
872 437 965 487 struat
983 437 1013 487 et
1032 424 1202 501 inluminet,

194 547 212 586 a
236 525 383 604 magistris
405 524 469 586 istis
491 524 638 603 requiret3
668 525 710 584 ita
731 524 818 585 facile
842 523 874 583 in
896 544 994 584 rerum
1015 523 1203 586 abundantia

194 626 234 685 ad
253 623 395 685 orationis
413 634 591 685 ornamenta
607 622 674 683 sine
692 625 770 683 duce
788 633 895 682 natura
913 620 986 700 ipsa,
1002 621 1027 681 si
1047 624 1140 683 modo
1157 633 1203 682 est

142 771 182 829 3²
195 721 361 794 exercitata,
377 721 544 782 delabitur!

133 847 182 899 „6
238 819 300 879 Hic
323 820 451 881 Catulus
482 817 530 878 ‘di
557 818 759 890 immortales,'
786 816 886 894 inquit
915 822 1075 895 ‘quantam
1103 835 1233 885 returns

195 916 376 989 varietatem,
403 927 547 994 quantam
569 914 638 987 vim,
665 926 809 992 quantam
832 914 958 993 copiam,
984 916 1100 987 Crasse,
1122 935 1205 976 com-

195 1016 300 1092 plexus
321 1034 354 1075 es
376 1013 557 1091 quantisque
578 1034 615 1074 ex
636 1012 780 1090 angustiis
797 1023 946 1074 oratorem
966 1014 1096 1073 educere
1111 1031 1204 1072 ausus

193 1131 228 1172 es
243 1111 319 1172 etin
338 1110 485 1172 maiorum
504 1130 626 1172 suorum
648 1129 740 1187 regno
761 1112 937 1171 conlocare!
980 1112 1121 1188 Namque
1135 1109 1204 1170 illos

196 1219 310 1269 veteres
325 1209 465 1268 doctores
479 1217 677 1284 auctoresque
691 1206 813 1268 dicendi
827 1208 944 1267 nullum
958 1226 1053 1284 genus
1071 1205 1205 1285 disputa-

197 1305 287 1366 tionis
307 1326 326 1365 a
348 1325 380 1365 se
399 1304 532 1365 alienum
551 1315 672 1382 putasse
694 1304 866 1382 accepimus
886 1324 1063 1383 semperque
1084 1324 1151 1365 esse
1171 1304 1204 1364 in
1223 1330 1252 1365 ιο

135 1421 182 1474 1²7
197 1402 281 1463 omni
301 1402 444 1462 orationis
466 1401 581 1462 ratione
602 1413 733 1462 versatos
743 1424 752 1477 ;
772 1423 809 1463 ex
833 1402 944 1480 quibus
962 1402 1046 1462 Elius
1061 1402 1204 1481 Hippias,

196 1520 266 1560 cum
295 1499 467 1577 Olympiam
492 1497 623 1560 venisset
647 1498 777 1560 maxima
803 1500 855 1560 illa
882 1499 1100 1578 quinquennali
1128 1503 1205 1562 cele·

196 1597 303 1658 britate
318 1599 466 1670 ludorum,
478 1597 620 1674 gloriatus
634 1608 680 1658 est
694 1609 803 1658 cuncta
816 1617 914 1676 paene
922 1598 1066 1659 audiente
1077 1597 1206 1659 Graecia

196 1695 271 1755 nihil
292 1716 358 1757 esse
379 1698 438 1756 ulla
461 1694 492 1755 in
513 1706 575 1755 arte
595 1715 693 1755 rerum
712 1695 848 1756 omniurn
866 1698 950 1773 quod
971 1695 1036 1774 ipse
1057 1695 1204 1771 nesciret;

196 1813 254 1854 nec
276 1796 374 1854 solum
399 1796 454 1854 has
475 1793 554 1866 artis,
579 1792 689 1870 quibus
711 1792 848 1854 liberales
869 1793 1023 1854 doctrinae
1044 1803 1137 1870 atque
1161 1793 1206 1853 in·
1221 1813 1250 1865 ¹5

195 1912 311 1969 genuae
328 1891 560 1963 continerentur,
577 1890 779 1968 geometriam,
802 1890 956 1963 musicam,
972 1890 1136 1952 litterarum
1155 1910 1205 1952 co

196 1989 362 2067 gnitionem
374 2001 404 2050 et
412 2000 568 2068 poetarum
579 2000 670 2066 atque
679 1988 736 2062 illa,
749 2008 827 2065 quae
836 1989 875 2048 de
884 1988 997 2048 naturis
1007 2008 1113 2061 rerum,
1125 2008 1205 2066 quae

196 2090 236 2148 de
255 2087 413 2148 hominum
437 2086 579 2159 moribuS,
601 2105 678 2163 quae
699 2086 739 2147 de
761 2087 850 2146 rebus
873 2085 1002 2164 publicis
1024 2085 1204 2160 dicerentur,

196 2205 226 2246 se
240 2194 332 2244 tenere
348 2185 402 2244 sed
422 2185 555 2256 anulum,
578 2203 670 2260 quem
691 2184 823 2255 haberet,
838 2182 972 2261 pallium,
988 2202 1049 2260 quo
1066 2182 1204 2255 amictus,

199 2302 313 2355 soccos,
338 2281 448 2359 quibus
477 2281 600 2342 indutus
629 2292 714 2353 esset,
739 2278 797 2363 [se]
826 2300 880 2340 sua
908 2301 1001 2342 rnanu
1028 2280 1251 2341 confecissem

139 2387 186 2437 128
200 2379 320 2440 Scilicet
333 2378 423 2439 nimis
437 2378 487 2439 hic
502 2378 625 2457 quidem
644 2390 690 2439 est
707 2399 888 2457 progressus,
901 2380 955 2440 sed
969 2398 1006 2439 ex
1025 2398 1062 2439 eo
1079 2377 1145 2456 ipso
1159 2390 1206 2439 est

199 2476 372 2538 coniectura
385 2476 486 2549 facilis,
504 2487 650 2554 quantum
666 2476 723 2537 sibi
743 2476 786 2536 illi
807 2487 938 2538 oratores
957 2477 997 2537 de
1010 2475 1207 2554 praeclarissi-

199 2575 256 2636 mis
286 2575 400 2636 artibus
430 2573 616 2653 appetierint,
648 2574 700 2652 qui
729 2594 768 2635 ne
796 2573 977 2634 sordidiores
1011 2572 1134 2651 quidem
1163 2593 1207 2635 re

177 2673 358 2752 pudiarint.
424 2671 507 2748 Quid
552 2674 592 2733 de
636 2672 765 2734 Prodico
801 2672 867 2746 Cio,
904 2673 944 2732 de
979 2672 1206 2749 Thrasymacho

200 2771 416 2844 Calchedonio,
453 2772 492 2830 de
527 2773 688 2849 Protagora
724 2770 870 2832 Abderita
904 2772 1035 2848 loquar?
1076 2788 1206 2847 quorum
1221 2788 1253 2839 ²5

200 2890 278 2930 unus
313 2869 440 2947 quisque
471 2868 633 2946 plurimum
662 2878 697 2928 ut
728 2869 914 2947 temporibus
949 2867 1006 2928 illis
1040 2866 1136 2929 etiam*
1166 2868 1207 2928 de

139 2990 187 3043 129
201 2978 306 3028 natura
328 2988 426 3028 rerum
446 2978 477 3028 et
498 2966 636 3028 disseruit
659 2979 690 3028 et
711 2967 834 3045 scripsit.
880 2970 950 3045 Ipse
971 2966 1021 3027 ille
1039 2964 1207 3026 Leontinus

202 3065 335 3143 Gorgias,
352 3085 413 3143 quo
427 3077 562 3145 patrono,
579 3077 612 3126 ut
626 3068 713 3128 Plato
727 3066 829 3140 voluit,
846 3063 1209 3144 philosopho‘succubuit

200 3174 307 3235 orator,
332 3161 384 3240 qui
407 3175 459 3223 aut
481 3184 543 3225 non
566 3175 612 3224 est
633 3164 729 3225 victus
755 3184 899 3242 umquam
921 3183 940 3224 a
964 3164 1086 3224 Socrate
1106 3180 1208 3239 neque

201 3280 299 3321 sermo
320 3260 370 3321 ille
384 3261 517 3321 Platonis
532 3281 618 3322 verus
633 3272 696 3336 est3
717 3272 777 3335 aut,
793 3260 818 3322 si
838 3273 883 3322 est
896 3261 1002 3334 victus,
1018 3259 1209 3339 eloquentior
1223 3279 1255 3327 30

236 3406 269 3454 M
278 3431 299 3448 =
312 3406 395 3455 ΑΕΗ
492 3424 503 3456 1
524 3407 593 3457 haud
607 3407 661 3457 cO:
684 3414 729 3456 aut
746 3407 812 3458 codd.
925 3407 1103 3469 4exercitata
1119 3406 1208 3456 codd:

203 3473 316 3522 excitata
326 3472 436 3522 Schultz:
453 3473 475 3522 si
489 3474 563 3523 modo
575 3480 625 3536 est,
637 3473 790 3523 excitabitur
802 3472 871 3521 Bake
933 3472 1061 3522 delabitur
1072 3471 1105 3518 M
1113 3489 1120 3521 t
1137 3472 1208 3521 labe·

204 3547 245 3587 tur
256 3537 323 3602 vulg.
427 3552 455 3586 11
475 3537 549 3587 Elius
559 3539 646 3602 vulg:
664 3547 690 3587 et
709 3539 764 3587 eius
785 3536 833 3601 Μγ
934 3553 964 3599 13
982 3553 1066 3599 paene
1086 3538 1208 3603 audiente

204 3604 288 3667 vulg:
305 3618 385 3665 saepe
397 3604 559 3653 audientibus
572 3603 601 3651 M
682 3619 711 3664 19
728 3619 757 3652 se
769 3611 860 3652 tenere
872 3602 970 3652 addtda't
980 3603 1079 3665 Kayser
1175 3613 1209 3652 ao

204 3684 232 3717 se
244 3685 294 3720 om.
308 3668 360 3715 M,
431 3669 629 3718 confecissetM
736 3666 977 3731 agadpeterentM
1041 3667 1208 3730 repudiarent

205 3732 238 3781 M
316 3736 349 3781 26
361 3740 389 3782 ut
400 3734 497 3783 addidit
508 3734 603 3798 Campe
684 3750 716 3791 29
732 3734 815 3782 victus
825 3750 877 3782 om.
890 3733 923 3780 M
