2648 4216
475 235 519 295 M.
541 236 670 295 TVLLI
693 235 925 298 CICERONIS

196 399 312 474 nostris,
328 401 493 464 Aculeonis
510 401 584 475 filiis,
601 414 632 463 et
649 423 685 463 ea
704 402 894 477 disceremus,
910 423 988 481 quae
1010 402 1119 465 Crasso
1141 403 1202 481 pla·

195 507 304 570 cerent,
321 510 351 558 et
364 499 403 559 ab
418 498 460 559 eis
474 499 657 573 doctoribus,
671 500 780 578 quibus
794 499 844 562 ille
858 512 996 574 uteretur,
1006 500 1199 573 erudiremur,

194 593 285 655 etiam
309 594 384 656 illud
408 615 497 675 saepe
521 595 729 671 intelleximus,
755 617 825 658 curn
853 618 986 659 essemus
1014 597 1078 659 eius
1106 596 1198 670 domi,

192 695 278 771 quod
293 694 339 754 vel
354 693 438 771 pueri
452 693 561 755 sentire
575 705 755 773 poteramus,
771 694 855 755 illurn
873 706 904 756 et
921 698 1035 757 Graece
1049 695 1093 755 sic
1107 695 1198 772 loqui,

192 793 308 851 nullam
335 802 369 852 ut
396 811 497 854 nosse
512 793 602 854 aliam
630 793 761 871 linguam
785 792 942 876 videretur,
968 804 999 855 et
1026 793 1228 854 doctoribus5

192 888 303 950 nostris
327 909 363 950 ea
387 909 499 968 ponere
523 889 555 951 in
579 892 786 969 percontando
810 911 906 968 eaque
929 889 1029 969 ipsum
1057 889 1140 951 omni
1168 889 1200 950 in

195 1007 333 1048 sermone
353 998 486 1062 tractare,
509 999 543 1048 ut
564 988 639 1050 nihil
658 1009 724 1050 esse
746 988 774 1050 ei
796 1009 917 1062 novum,
938 987 1012 1048 nihil
1031 987 1200 1049 inauditum

164 1102 182 1150 3
194 1084 350 1146 videretur.
396 1088 444 1147 De
454 1085 590 1146 Antonio
603 1107 684 1162 vero,
695 1073 879 1165 quamquam
896 1105 986 1164 saepe
1000 1105 1037 1146 ex
1051 1086 1201 1146 humanis·

193 1181 272 1243 simo
292 1182 415 1244 homine
429 1195 535 1262 patruo
552 1195 654 1245 nostro
674 1203 892 1262 acceperamus,
909 1203 999 1261 quem
1014 1184 1055 1243 ad
1075 1185 1200 1244 modum

193 1279 243 1341 ille
262 1283 309 1341 vel
322 1281 450 1342 Athenis
469 1284 516 1342 vel
534 1281 637 1343 Rhodi
657 1302 689 1343 se
706 1281 947 1342 doctissimorum
966 1280 1124 1340 hominum
1144 1301 1201 1341 ser·
1216 1306 1247 1340 10

195 1378 335 1440 monibus
350 1379 489 1453 dedisset,
502 1390 603 1441 tamen
617 1380 681 1459 ipse
694 1381 944 1451 adulescentulus,
961 1390 1107 1456 quantum
1121 1377 1200 1438 illius

195 1475 325 1536 ineuntis
344 1476 448 1537 aetatis
467 1465 552 1537 meae
573 1476 740 1556 patiebatur
760 1464 865 1555 pudor,
887 1477 981 1535 multa
1001 1495 1038 1536 ex
1056 1495 1093 1535 eo
1111 1495 1201 1554 saepe

172 1618 174 1622 ι
195 1574 335 1653 quaesivi.
380 1578 452 1636 Non
467 1574 521 1635 erit
537 1577 672 1654 profecto
691 1575 754 1648 tibi,
770 1576 854 1653 quod
872 1573 979 1646 scribo,
995 1575 1200 1649 hoc‘novum3

195 1692 272 1743 nam,
282 1672 344 1732 iam
364 1683 428 1733 tum
447 1693 484 1734 ex
502 1672 714 1743 meaudiebas
733 1672 808 1732 mihi
827 1672 912 1732 illurn
931 1692 968 1732 ex
986 1669 1088 1731 multis
1102 1670 1200 1730 variis-

194 1790 254 1849 que
269 1770 456 1832 sermonibus
470 1770 580 1830 nullius
594 1770 644 1843 rei,
655 1790 732 1848 quae
747 1770 870 1848 quidem
881 1779 960 1830 esset
973 1768 1005 1828 in
1019 1768 1062 1830 eis
1076 1768 1197 1842 artibus,
1216 1785 1244 1834 15

196 1869 365 1946 dequibus
386 1868 499 1946 aliquid
520 1868 687 1929 existimare
712 1888 841 1947 possem,
864 1870 969 1929 rudem
990 1878 1043 1928 aut
1063 1866 1199 1945 ignarum

167 1982 184 2030 4
196 1985 261 2025 esse
276 1965 380 2024 visum.
417 1967 477 2025 Sed
491 1964 547 2024 suit
561 1966 619 2025 hoc
633 1964 665 2024 in
679 1976 807 2043 utroque
821 1985 933 2039 eorum,
949 1974 983 2024 ut
997 1966 1122 2027 Crassus
1137 1984 1199 2024 non

196 2073 258 2122 tam
279 2062 438 2123 existimari
457 2064 545 2123 vellet
564 2063 626 2123 non
646 2063 794 2136 didicisse,
814 2084 906 2142 quam
928 2063 979 2123 illa
997 2062 1151 2141 despicere
1170 2074 1200 2122 et

195 2165 364 2221 nostrorum
389 2160 546 2220 hominurn
571 2160 603 2220 in
628 2161 711 2221 omni
733 2182 840 2239 genere
864 2160 1054 2240 prudentiam
1077 2159 1199 2221 Graecis

194 2259 357 2332 anteferre3
376 2257 528 2318 Antonius
549 2270 650 2319 autern
671 2258 902 2337 probabiliorem
924 2260 983 2318 hoc
1003 2260 1117 2336 populo
1138 2277 1200 2318 ora·
1215 2275 1246 2308 20

195 2355 308 2416 tionem
326 2358 388 2416 fore
409 2356 551 2416 censebat
568 2375 662 2430 suam,
685 2356 710 2415 si
729 2356 854 2417 omnino
873 2354 1014 2416 didicisse
1033 2374 1199 2432 numquam

193 2464 364 2532 putaretur;
384 2464 475 2531 atque
489 2453 531 2514 ita
549 2474 582 2514 se
599 2464 724 2532 uterque
738 2453 901 2531 graviorem
916 2455 987 2525 sore,
1004 2452 1029 2513 si
1042 2455 1116 2513 alter
1130 2473 1199 2512 con·

167 2578 181 2628 5
195 2561 335 2624 temnere,
348 2553 421 2611 alter
435 2571 473 2611 ne
488 2555 577 2612 nosse
592 2551 715 2630 quidem
725 2553 856 2613 Graecos
868 2550 1022 2610 videretur.
1061 2550 1199 2625 Quorum

194 2648 352 2709 consilium
375 2650 463 2726 quale
488 2648 583 2720 suerit,
610 2648 685 2708 nihil
713 2668 784 2708 sane
808 2648 848 2708 ad
872 2649 931 2708 hoc
956 2658 1074 2724 tempus
1086 2668 1095 2721 3
1124 2645 1200 2706 illud

194 2758 294 2808 autem
306 2758 351 2807 est
365 2745 453 2807 huius
468 2746 621 2807 institutae
640 2745 808 2825 scriptionis
826 2766 862 2806 ac
879 2744 1029 2823 temporis,
1046 2743 1199 2805 neminem
1214 2761 1243 2810 25

194 2843 366 2922 eloquentia
387 2864 451 2904 non
475 2846 568 2905 modo
594 2844 658 2905 sine
680 2843 802 2905 dicendi
825 2843 968 2916 doctrina,
994 2844 1049 2902 sed
1070 2862 1110 2903 ne
1134 2841 1199 2902 sine

194 2941 278 3002 omni
303 2941 425 3019 quidem
455 2941 600 3020 sapientia
627 2944 731 3003 florere
755 2961 900 3019 umquam
924 2952 954 3001 et
978 2951 1126 3019 praestare
1148 2959 1200 3018 po

162 3040 293 3099 atuisse.
338 3039 458 3100 Etenim
478 3051 594 3101 ceterae
615 3041 675 3100 sere
696 3050 774 3100 artes
796 3060 828 3101 se
847 3038 929 3117 ipsae
951 3058 1004 3116 per
1024 3057 1056 3097 se
1079 3047 1199 3098 tuentur

193 3136 346 3215 singulae3
368 3139 446 3198 bene
463 3137 563 3199 dicere
579 3148 691 3212 autern,
705 3138 789 3215 quod
803 3147 848 3198 est
862 3136 989 3197 scienter
1007 3145 1038 3197 et
1056 3134 1150 3212 perite
1168 3147 1199 3196 et

192 3246 296 3296 ornate
310 3235 418 3309 dicere,
434 3255 496 3296 non
511 3235 603 3296 habet
621 3234 776 3296 definitam
790 3234 921 3312 aliquam
936 3232 1097 3312 regionem,
1113 3232 1199 3294 cuius
1214 3254 1246 3304 30

192 3332 325 3392 terminis
341 3345 443 3412 saepta
460 3343 610 3394 teneatur:
634 3332 746 3407 omnia,
760 3351 970 3410 quaecumque
989 3331 1020 3390 in
1039 3329 1197 3391 hominurn

192 3429 440 3509 disceptationem
463 3432 570 3492 cadere
588 3441 722 3510 possunt,
741 3431 820 3492 bene
842 3440 912 3490 sunt
935 3429 964 3490 ei
987 3428 1124 3501 dicenda,
1145 3427 1199 3506 qui

145 3575 147 3579 ’
225 3604 241 3650 3
259 3589 326 3638 domi
342 3587 505 3638 Gulielmius:
524 3588 591 3637 modi
604 3573 678 3638 codd:
768 3603 795 3636 rr
816 3588 968 3637 dedissete:
987 3586 1128 3636 dedidisset
1141 3602 1195 3635 racc.

191 3671 223 3717 25
242 3655 424 3716 descriptionis
437 3655 528 3702 maluit
540 3653 605 3702 Reid
702 3670 731 3716 31
752 3661 868 3716 saeptum
882 3654 972 3702 maluit
984 3651 1127 3701 Lambinus
