2648 4216
444 263 504 322 DE
526 261 733 323 ORATORE
776 262 827 321 III
1151 269 1231 334 ²²⁸⁵

131 439 183 502 est,
209 429 248 490 de
275 448 395 490 summo
422 439 539 490 oratore
566 427 666 490 dicam
693 448 816 489 necesse
843 441 907 505 est;
936 429 981 490 vis
1005 426 1086 489 enim
1108 434 1139 486 et

131 537 236 586 natura
249 525 299 600 rei,
315 525 372 586 nisi
385 528 517 604 perfecta
529 536 600 586 ante
614 527 718 586 oculos
732 525 860 604 ponitur,
873 524 968 603 qualis
983 534 1012 585 et
1027 533 1139 602 quanta

130 623 168 683 sit
190 622 321 701 intellegi
343 643 405 684 non
429 635 535 702 potest
580 627 634 684 Me
657 634 766 698 autem,
788 625 903 697 Catule,
925 624 1020 683 fateor
1040 640 1139 699 neque

131 720 223 782 hodie
237 721 269 781 in
282 721 345 782 istis
364 721 446 782 libris
464 733 495 782 et
513 742 583 782 cum
602 720 665 782 istis
685 719 859 781 hominibus
872 719 971 780 vivere
986 738 1044 779 nec
1057 738 1136 793 vero,

104 818 162 888 sid
185 803 269 896 quod
290 830 323 879 tu
345 831 425 879 recte
445 817 686 890 commeministi,
709 820 804 878 ullum
829 836 973 894 umquam
996 814 1138 876 habuisse

130 915 295 993 sepositum
316 926 434 993 tempus
454 917 495 976 ad
515 914 694 976 discendum
714 934 751 975 ac
772 925 888 975 tantum
909 912 1047 973 tribuisse
1067 914 1139 972 doc·

130 1013 224 1072 trinae
239 1011 388 1090 temporis,
404 1022 551 1090 quantum
570 1011 644 1071 mihi
662 1010 782 1090 puerilis
795 1022 886 1083 aetas,
901 1011 1033 1071 forenses
1046 1007 1136 1070 seriae
1150 1064 1169 1108 ²

130 1107 339 1169 concesserim
382 1111 437 1183 Ac,
453 1108 479 1168 si
497 1108 623 1185 quaeris,
639 1110 755 1182 Catule,
772 1110 812 1169 de
830 1107 967 1169 doctrina
987 1106 1043 1167 ista
1062 1105 1136 1185 quid
1150 1140 1183 1192 3⁶

131 1225 187 1284 ego
202 1204 337 1280 sentiam,
351 1226 414 1267 non
428 1216 546 1266 tantum
564 1205 720 1284 ingenioso
737 1203 853 1266 homini
867 1216 897 1266 et
911 1204 946 1278 ei,
963 1203 1015 1283 qui
1028 1206 1137 1280 fomm,

88 1303 184 1383 requi
199 1302 321 1379 curiam,
336 1302 388 1383 qui
401 1323 514 1377 causas,
530 1303 583 1381 qui
596 1324 659 1364 rem
675 1302 828 1383 publicam
842 1313 964 1381 spectet,
981 1322 1057 1380 opus
1071 1323 1137 1363 esse

130 1399 256 1461 arbitror
284 1400 433 1480 temporis,
458 1412 604 1479 quantum
629 1400 687 1461 sibi
710 1400 738 1461 ei
766 1411 964 1478 sumpserunt,
990 1420 1067 1478 quos
1095 1398 1138 1462 di-

130 1497 240 1558 scentis
262 1498 323 1558 vita
345 1497 474 1560 defecit:
505 1518 612 1560 omnes
634 1498 715 1558 enim
735 1508 813 1558 artes
833 1496 918 1558 aliter
939 1498 978 1557 ab
1000 1497 1042 1558 eis
1065 1508 1138 1557 trac-

129 1607 236 1670 tantur,
266 1596 318 1674 qui
346 1617 396 1657 eas
423 1598 463 1658 ad
490 1617 579 1657 usum
609 1598 796 1670 transferunt,
825 1594 910 1656 aliter
936 1594 976 1655 ab
1004 1595 1054 1670 eis,
1084 1594 1136 1674 qui

128 1692 259 1772 ipsarum
281 1694 390 1754 artium
412 1706 538 1755 tractatu
561 1693 701 1755 delectati
723 1693 798 1754 nihil
822 1692 854 1753 in
875 1693 937 1753 vita
960 1704 1030 1752 sunt
1053 1691 1136 1755 aliud

84 1801 114 1851 15
127 1790 229 1851 acturi
275 1791 418 1869 Magister
435 1790 486 1852 hic
499 1791 678 1852 Samnitium
699 1810 817 1852 summa
837 1790 897 1850 iam
918 1801 1072 1851 senectute
1091 1801 1137 1852 est

128 1898 158 1948 et
172 1887 284 1949 cotidie
298 1900 524 1963 commentatur,
541 1889 615 1949 nihil
630 1889 711 1949 enim
725 1899 808 1949 curat
822 1887 925 1949 aliud:
948 1898 979 1948 at
994 1890 1032 1964 Q.
1048 1889 1137 1948 Velo

127 1983 191 2045 cius
205 2006 280 2065 puer
292 1985 486 2061 addidicerat,
496 1988 550 2047 sed
564 1988 648 2064 quod
662 1997 724 2047 erat
737 1997 825 2064 aptus
835 1987 875 2048 ad
889 1985 964 2047 illud
978 1997 1137 2064 totumque

127 2095 278 2162 cognorat,
294 2084 358 2158 fuit,
373 2096 407 2146 ut
421 2096 466 2146 est
479 2086 561 2163 apud
576 2085 733 2158 Lucilium,

452 2182 588 2261 quamvis
602 2184 701 2243 bonus
715 2183 780 2260 ipse

82 2294 114 2330 20
249 2278 367 2340 Samnis
381 2278 413 2340 in
427 2280 500 2341 ludo
514 2300 550 2341 ac
564 2280 687 2340 rudibus
702 2279 795 2342 cuivis
809 2282 880 2343 satis
893 2304 981 2362 asper
989 2308 999 2360 ς

126 2377 180 2437 sed
194 2379 262 2456 plus
276 2397 384 2456 operae
397 2379 463 2438 soro
477 2377 634 2451 tribuebat,
646 2377 759 2452 amicis,
774 2377 817 2439 rei
830 2380 974 2440 familiari.
996 2379 1133 2442 Valerius

126 2473 237 2535 cotidie
251 2476 411 2550 cantabat3
432 2486 494 2536 erat
510 2475 591 2536 enim
612 2474 788 2537 scaenicus:
815 2476 889 2554 quid
902 2479 1011 2538 faceret
1025 2476 1132 2539 aliud?

125 2573 167 2631 At
181 2571 342 2634 Numerius
357 2571 470 2646 Furius,
487 2583 589 2634 noster
606 2572 764 2646 familiaris,
781 2593 851 2634 cum
865 2585 911 2635 est
924 2576 1128 2649 commodum,
1143 2586 1176 2653 ⁸7

124 2681 242 2747 cantat;
270 2682 316 2731 est
336 2669 417 2730 enim
437 2669 657 2748 paterfamilias,
676 2681 723 2731 est
743 2690 835 2748 eques
852 2672 1031 2746 Romanus;
1056 2692 1131 2750 puer

80 2781 110 2830 ²5
124 2765 230 2827 didicit
257 2769 341 2845 quod
368 2766 547 2828 discendum
580 2767 644 2827 fuit.
701 2769 818 2828 Eadem
850 2766 925 2828 ratio
952 2779 998 2828 est
1025 2769 1130 2829 harum

123 2863 231 2926 artium
256 2863 451 2924 maximarum
463 2885 474 2939 3
500 2863 565 2924 dies
588 2874 620 2925 et
642 2863 739 2924 noctis
762 2863 857 2924 virum
882 2885 1000 2925 summa
1023 2864 1130 2926 virtute

123 2971 154 3021 et
181 2961 339 3039 prudentia
365 2961 550 3036 videbamus,
579 2961 761 3040 philosopho
788 2982 858 3022 cum
886 2983 1008 3040 operam
1036 2964 1128 3037 daret,

124 3060 162 3134 Q.
175 3060 387 3135 Tuberonem;
407 3069 438 3119 at
452 3058 516 3120 eius
529 3061 711 3120 avunculum
725 3058 774 3119 vix
787 3059 972 3137 intellegeres
987 3060 1018 3121 id
1032 3081 1127 3138 agere,

123 3176 192 3216 cum
213 3168 312 3234 ageret
333 3168 443 3230 tamen,
459 3156 642 3217 Africanum.
686 3159 749 3217 Ista
769 3156 924 3218 discuntur
944 3158 1038 3232 facile,
1054 3159 1079 3219 si
1098 3171 1128 3220 et

78 3269 110 3318 30
123 3262 239 3313 tantum
267 3273 375 3327 sumas,
399 3264 546 3331 quantum
574 3273 650 3332 opus
678 3252 725 3327 sit,
748 3264 778 3314 et
800 3255 911 3316 habeas
938 3255 991 3333 qui
1019 3258 1128 3317 docere

122 3348 249 3409 fideliter
261 3349 355 3429 possit
373 3361 403 3411 et
422 3350 498 3411 scias
519 3350 609 3412 etiam
631 3350 695 3429 ipse
715 3351 848 3427 discere,
875 3354 930 3414 sed
948 3352 973 3413 si
991 3363 1053 3412 tota
1067 3354 1128 3414 vita
1140 3366 1172 3417 88

122 3444 196 3505 nihil
209 3447 282 3507 velis
302 3447 385 3508 aliud
405 3468 500 3526 agere,
518 3446 584 3526 ipsa
602 3448 738 3510 tractatio
756 3460 786 3509 et
805 3449 940 3527 quaestio
959 3449 1070 3510 cotidie
1091 3471 1127 3511 ex

156 3617 187 3662 25
205 3603 251 3650 suit
262 3620 314 3653 om.
327 3603 395 3654 codd.
408 3605 457 3664 sm
467 3619 553 3655 omnes
627 3621 658 3667 27
677 3605 831 3668 philosopho
843 3605 910 3654 codd.
921 3623 926 3653 :
945 3603 1128 3668 philosophiae

122 3668 214 3716 maluit
222 3667 343 3719 Fn'edn'ch
