2648 4216
449 253 508 315 DE
529 251 738 319 ORATORE
751 278 763 319 ζ
779 254 813 314 II
838 318 840 322 Α
1149 266 1191 327 79
1200 274 1249 324 3²3

128 418 271 482 dicuntur
291 431 345 482 aut
366 422 520 500 arguendo
541 432 594 481 aut
619 423 790 483 refellendo.
844 422 1009 483 Maximam
1034 433 1135 482 autem
1150 440 1199 489 324

129 517 249 595 copiam
283 517 497 597 principiorum
530 519 570 578 ad
601 517 733 579 iudicem
765 530 818 580 aut
846 519 1052 581 adliciendum
1082 530 1135 580 aut

119 613 316 676 incitandum
337 635 374 676 ex
394 614 437 676 eis
458 614 533 676 locis
547 615 709 690 trahemus,
724 615 777 694 qui
794 617 835 677 ad
853 628 953 677 motus
967 617 1135 677 animorum

129 712 334 774 conficiendos
356 713 475 774 inerunt
495 712 527 773 in
547 731 646 786 causa,
667 731 744 791 quos
765 723 867 774 tamen
889 723 968 773 totos
988 713 1135 791 explicare

97 808 160 880 rin
181 808 328 888 principio
356 830 418 870 non
446 810 605 887 oportebit,
635 812 689 871 sed
716 821 834 871 tantum
862 809 976 887 impelli
1003 809 1134 872 iudicem

128 905 226 985 primo
248 906 359 980 leviter,
382 917 415 967 ut
444 906 504 968 iam
533 905 677 968 inclinato
702 907 818 986 reliqua
845 906 1000 968 incumbat
1028 907 1132 975 oratio.
1149 943 1191 1002 80

129 1006 287 1066 Conexum
315 1015 417 1065 autem
437 1003 479 1064 ita
499 1003 538 1064 sit
561 1003 741 1083 principium
771 1003 968 1082 consequenti
997 1003 1132 1077 orationi,
1150 1047 1197 1098 325

129 1113 163 1164 ut
186 1122 248 1163 non
273 1113 427 1181 tamquam
446 1101 611 1163 citharoedi
634 1101 823 1180 prooemium
844 1103 989 1167 adfictum
1010 1101 1132 1180 aliquid,

129 1200 183 1260 sed
200 1202 364 1261 cohaerens
378 1218 448 1260 cum
466 1198 550 1259 omni
570 1218 695 1278 corpore
716 1200 886 1260 membrum
903 1220 969 1260 esse
989 1199 1132 1262 videatur.

84 1315 115 1351 10
129 1298 209 1357 Nam
224 1316 286 1356 non
300 1295 383 1370 nulli,
398 1315 468 1356 cum
483 1294 557 1356 illud
571 1295 707 1356 meditati
728 1296 894 1371 ediderunt,
910 1296 953 1356 sic
967 1298 1007 1357 ad
1021 1296 1134 1376 reliqua

118 1404 290 1468 transeunt,
327 1404 361 1454 ut
388 1392 572 1454 audientiam
601 1393 664 1453 fieri
692 1392 749 1453 sibi
778 1414 836 1453 non
864 1396 940 1456 velle
967 1395 1131 1455 videantur.

128 1492 229 1569 Atque
250 1489 315 1550 eius
336 1489 419 1550 modi
440 1489 491 1550 illa
511 1489 643 1568 prolusio
667 1491 759 1551 debet
780 1511 854 1564 esse,
876 1511 939 1551 non
963 1503 997 1552 ut
1020 1490 1134 1552 Samni-

126 1585 212 1660 tium,
227 1585 280 1663 qui
293 1584 411 1645 vibrant
424 1586 524 1646 hastas
542 1597 613 1646 ante
633 1605 774 1664 pugnam,
790 1587 900 1664 quibus
917 1586 949 1646 in
969 1590 1133 1665 pugnando

127 1682 202 1742 nihil
216 1694 348 1758 utuntur,
364 1684 418 1744 sed
432 1693 466 1744 ut
479 1682 551 1761 ipsis
572 1682 735 1756 sententiis,
752 1683 862 1764 quibus
882 1684 1069 1763 proluserim,
1085 1687 1132 1746 vel

83 1801 113 1852 ¹5
127 1801 260 1859 pugnare
273 1780 397 1859 possint

169 1879 294 1938 Narrare
312 1898 383 1938 vero
397 1898 460 1938 rem
475 1881 558 1956 quod
578 1879 705 1940 breviter
722 1878 837 1955 iubent,
852 1879 877 1940 si
891 1879 1019 1941 brevitas
1032 1883 1132 1959 appel·
1146 1887 1196 1952 3²6

126 1977 217 2041 landa
229 1986 286 2050 est,
295 1996 365 2036 cum
376 1976 501 2037 verbum
515 1979 632 2036 nullum
646 1980 803 2051 redundat,
816 1977 914 2038 brevis
927 1989 973 2039 est
987 1980 1021 2038 L.
1033 1977 1131 2040 Crassi

126 2071 242 2148 oratio;
270 2071 317 2133 sin
342 2085 406 2133 tum
431 2085 477 2135 est
503 2073 641 2148 brevitas,
668 2095 741 2136 cum
764 2086 881 2136 tantum
904 2076 1062 2136 verborum
1087 2088 1132 2137 est

125 2181 273 2248 quantum
300 2190 423 2232 necesse
448 2182 503 2246 est,
525 2171 689 2249 aliquando
713 2173 746 2234 id
770 2192 847 2251 opus
870 2185 933 2248 est,
964 2176 1019 2234 sed
1043 2193 1132 2251 saepe

81 2291 113 2329 ro
126 2267 213 2329 obest
226 2269 274 2328 vel
291 2267 420 2328 maxime
438 2267 471 2329 in
490 2270 647 2342 narrando,
663 2289 726 2329 non
748 2271 846 2330 solum
869 2272 952 2348 quod
972 2270 1133 2331 obscurita-

125 2375 187 2424 tem
205 2365 309 2438 adfert,
325 2364 486 2427 sedetiam
506 2366 590 2443 quod
608 2385 675 2426 eam
695 2365 843 2440 virtutem,
859 2385 938 2444 quae
956 2366 1132 2428 narrationis

124 2474 169 2523 est
183 2461 320 2537 maxima,
336 2474 370 2523 ut
384 2462 517 2524 iucunda
533 2474 563 2524 et
580 2466 620 2525 ad
639 2465 883 2543 persuadendum
902 2467 1131 2527 accommodata

123 2559 172 2635 sit,
185 2559 270 2621 tollit
314 2559 446 2622 Videant
460 2561 511 2621 illa

246 2678 317 2719 nam
338 2658 363 2720 is
383 2671 545 2738 postquam
567 2659 692 2722 excessit
713 2681 750 2721 ex
770 2660 896 2738 ephebis
917 2707 924 2722 .
947 2706 955 2722 .
977 2707 985 2722 .
1008 2707 1015 2722 .

79 2780 109 2831 ²5
124 2776 215 2835 quam
240 2759 329 2837 longa
353 2770 399 2819 est
422 2758 568 2821 narratio!
620 2763 723 2821 Mores
752 2759 953 2821 adulescentis
980 2759 1073 2838 ipsius
1100 2773 1130 2822 et
1144 2777 1192 2830 3²7

123 2853 235 2914 servilis
262 2854 456 2933 percontatio,
486 2875 567 2917 mors
596 2856 758 2934 Chrysidis,
790 2858 890 2917 vultus
917 2868 948 2918 et
978 2859 1073 2917 forma
1099 2870 1130 2918 et

121 2951 296 3012 lamentatio
318 2951 437 3026 sororis,
458 2952 572 3031 reliqua
593 2952 726 3031 pervarie
750 2953 943 3032 iucundeque
965 2966 1127 3015 narrantur.

122 3049 215 3123 Quod
236 3047 261 3108 si
281 3051 360 3110 hanc
380 3049 555 3111 brevitatem
577 3051 761 3128 quaesisset:

154 3200 188 3250 M
196 3227 217 3244 =
230 3202 313 3251 ΑΕΗ
411 3220 422 3252 1
442 3206 551 3254 maxima
564 3213 649 3254 autem
663 3205 814 3271 copiaMpL
886 3224 901 3256 a
919 3215 964 3257 aut
976 3209 1025 3258 inc.
1035 3225 1085 3260 om.
1099 3208 1132 3258 M

121 3282 137 3328 3
154 3269 265 3317 trahitur
275 3268 318 3318 L:
334 3270 452 3318 trahetur
463 3271 564 3319 Ellendt
688 3290 703 3333 4
721 3274 843 3334 explicari
856 3272 879 3321 L
893 3275 959 3337 vulg.
1111 3279 1128 3324 8

120 3333 231 3382 affictum
240 3332 262 3380 L
271 3335 351 3398 vulga:
364 3335 493 3384 adfectum
503 3334 535 3382 M
604 3353 621 3398 9
633 3338 804 3387 membrorum
814 3338 846 3386 M
922 3356 949 3388 11
963 3339 1030 3388 velle
1042 3339 1108 3389 codd.
1121 3359 1128 3390 r

121 3398 189 3447 nolle
200 3415 214 3446 e
225 3415 297 3449 recu:
314 3399 381 3448 velle
393 3415 446 3448 non
458 3400 580 3451 Fn‘edn'ch
599 3455 601 3459 ,
658 3417 688 3464 15
706 3411 815 3466 possunt
826 3402 859 3452 Μ
933 3419 966 3453 aa
983 3420 1127 3454 accommo-

121 3464 181 3512 data
193 3461 215 3510 l.
228 3464 312 3528 vulga:
331 3473 455 3529 occupata
466 3466 498 3514 M
562 3482 594 3528 23
612 3468 717 3516 videant
728 3485 741 3516 e
752 3484 801 3530 3²2
819 3469 909 3518 vident
920 3468 992 3519 ML:
1009 3471 1127 3520 videatur

120 3527 262 3578 Friedn'clr:
290 3530 410 3580 videlicet
431 3530 455 3579 0
465 3530 514 3595 Lg.
530 3547 561 3580 a:
589 3533 629 3580 vel
651 3533 742 3581 Klots:
773 3541 801 3582 ut
821 3535 891 3598 vulg.
1017 3553 1049 3595 24
1067 3552 1126 3585 nam

121 3592 335 3657 ipsastquamM
404 3615 406 3619 ’
431 3596 572 3658 epheosM
667 3612 699 3659 25
716 3598 990 3649 adul....morsom.
1006 3598 1040 3648 Μ
