2648 4216
92 268 198 331 341'38
488 254 533 313 M.
554 255 683 314 TVLLI
705 253 939 316 CICERONIS

208 418 395 498 accepimus,
415 419 625 482 Clazomenius
652 419 704 482 ille
730 423 923 499 Anaxagoras
947 419 991 482 uir
1017 425 1154 482 summus
1182 419 1215 481 in

208 514 404 578 maximarum
426 538 524 578 rerum
547 516 689 579 scientia:
710 516 812 597 itaque
834 518 884 579 hic
906 517 1050 594 doctrina,
1076 517 1222 591 consili0,¹

207 614 379 692 eloquentia
400 617 547 675 excellens
569 614 765 693 quadraginta
785 615 872 676 annis
892 615 1019 693 praefuit
1033 615 1162 677 Athenis
1183 626 1216 676 et

147 727 193 780 ¹39
207 711 328 773 urbanis
352 714 465 774 eodem
484 723 619 790 tempore
641 723 671 773 et
696 712 811 774 bellicis
832 714 929 775 rebus.
973 713 1057 789 Quid
1081 713 1216 776 Critias?

206 809 281 886 quid
309 808 504 870 Alcibiades?
534 808 704 870 civitatibus
728 809 855 888 quidem
877 810 937 870 suis
962 831 1025 871 non
1052 811 1145 885 boni,
1158 812 1215 872 sed
1228 827 1248 879 5¹

205 918 285 967 certe
309 906 392 968 docti
419 917 509 984 atque
532 909 716 985 eloquentes,
740 928 843 969 nonne
864 907 1023 969 Socraticis
1046 918 1132 970 erant
1156 907 1216 968 dis-

205 1003 411 1083 putationibus
435 1004 565 1065 eruditi?
606 1005 683 1083 Quis
706 1004 838 1067 Dionem
859 1005 1048 1082 Syracosium
1068 1005 1216 1066 doctrinis

205 1100 349 1163 omnibus
368 1100 532 1180 expolivit?
582 1103 654 1163 Non
679 1104 788 1163 Plato?
838 1105 941 1179 Atque
967 1122 1038 1163 eum
1060 1101 1144 1163 idem
1163 1101 1216 1162 ille

205 1219 268 1259 non
288 1198 406 1276 linguae
426 1201 532 1272 solum,
549 1219 653 1260 verum
675 1198 765 1261 etiam
786 1198 879 1260 animi
893 1219 930 1260 ac
943 1198 1059 1260 virtutis
1073 1199 1216 1278 magister

204 1297 245 1356 ad
265 1296 451 1357 liberandam
470 1296 597 1374 patriam
616 1296 742 1375 impulit,
759 1296 904 1371 instruxit,
920 1297 1053 1359 armavit
1095 1297 1215 1359 Aliisne
1232 1317 1262 1354 ιο

205 1393 293 1472 igitur
313 1393 425 1454 artibus
450 1396 532 1454 hunc
559 1393 691 1456 Dionem
715 1393 844 1454 instituit
863 1396 958 1468 Plat0,
980 1394 1046 1456 aliis
1065 1397 1216 1456 Isocrates

205 1491 402 1552 clarissimum
436 1491 533 1552 virum
567 1491 764 1553 Timotheum
799 1492 935 1554 Cononis
965 1492 1216 1571 praestantissimi

206 1587 391 1666 imperatoris
420 1588 523 1663 filium,
554 1609 706 1650 summum
739 1590 837 1668 ipsum
872 1590 1083 1668 imperatorem
1118 1591 1217 1652 homi-

206 1707 337 1764 nemque
366 1685 600 1747 doctissimum?
633 1698 686 1748 aut
714 1687 779 1749 aliis
811 1688 1007 1767 Pythagorius
1041 1689 1092 1750 ille
1127 1689 1215 1766 Lysis

205 1784 388 1844 Thebanum
412 1784 666 1863 Epaminondam,
687 1787 769 1846 haud
793 1785 856 1846 scio
876 1806 916 1846 an
941 1805 1093 1846 summum
1115 1785 1214 1847 virum
1231 1805 1258 1856 15

206 1903 300 1942 unum
329 1882 427 1943 omnis
456 1882 623 1944 Graeciae?
650 1893 703 1943 aut
730 1885 904 1961 Xenophon
934 1883 1130 1962 Agesilaum?
1160 1894 1215 1945 aut

208 1979 360 2040 Philolaus
370 1981 533 2056 Archytam
543 1981 764 2041 Tarentinum?
784 1993 836 2041 aut
846 1981 910 2059 ipse
922 1983 1104 2058 Pythagoras
1118 1991 1215 2043 totam

207 2076 288 2136 illam
303 2088 433 2137 veterem
449 2076 554 2138 Italiae
569 2077 735 2153 Graeciam,
751 2099 829 2156 quae
844 2080 999 2156 quondam
1014 2098 1122 2156 magna
1136 2079 1217 2139 voci-

208 2184 268 2233 tata
292 2177 362 2234 est?
403 2173 553 2252 Equidem
578 2195 642 2235 non
665 2175 809 2250 arbitror3
830 2175 873 2236 sic
895 2174 976 2236 enim
1000 2175 1098 2250 video,
1120 2197 1215 2237 unam

207 2273 360 2350 quandam
375 2270 510 2332 omnium
525 2291 631 2347 rerum,
642 2292 719 2350 quae
734 2283 833 2334 essent
844 2272 968 2334 homine
977 2272 1094 2334 erudito
1105 2272 1216 2352 dignae
1230 2294 1260 2329 ao

206 2380 296 2448 atque
311 2390 356 2444 eo,
367 2369 419 2448 qui
434 2369 464 2430 in
480 2391 511 2432 re
525 2371 646 2449 publica
657 2373 746 2431 vellet
757 2373 908 2445 excellere,
922 2370 1013 2432 fuisse
1027 2370 1216 2446 doctrinam;

206 2487 298 2545 quam
312 2467 365 2545 qui
379 2467 572 2546 accepissent,
595 2468 619 2528 si
641 2469 740 2530 eidem
762 2469 883 2547 ingenio
902 2472 942 2531 ad
956 2468 1215 2548 pronuntiandum

207 2565 369 2625 valuissent
383 2576 412 2626 et
426 2585 459 2626 se
472 2565 686 2626 addicendum
701 2586 823 2644 quoque
833 2586 896 2627 non
911 2578 1095 2646 repugnante
1109 2577 1216 2627 natura

147 2679 193 2734 141
208 2662 370 2737 dedissent,
394 2662 567 2739 eloquentia
590 2663 779 2740 praestitisse.
826 2667 934 2742 Itaque
953 2664 1018 2743 ipse
1038 2664 1215 2726 Aristoteles

208 2781 278 2820 cum
292 2763 397 2821 florere
412 2763 576 2821 Isocratem
591 2760 747 2822 nobilitate
762 2761 978 2841 discipulorum
992 2761 1113 2834 videret,
1130 2764 1216 2840 quod
1232 2784 1260 2832 15

208 2855 297 2939 [ipse]
312 2878 381 2918 suas
395 2857 613 2936 disputationes
634 2879 652 2919 a
671 2858 768 2919 causis
783 2859 951 2920 forensibus
970 2870 1000 2921 et
1017 2858 1153 2921 civilibus
1175 2862 1216 2921 ad

207 2955 327 3015 inanem
351 2956 496 3017 sermonis
519 2955 696 3034 elegantiam
718 2956 924 3032 transtulisset,
946 2957 1071 3018 mutavit
1092 2969 1216 3036 repente

208 3064 302 3113 totam
323 3055 449 3114 formam
463 3073 557 3132 prope
574 3053 751 3132 disciplinae
772 3074 844 3115 suae
863 3075 1043 3134 versumque
1062 3058 1216 3135 quendam

209 3150 394 3211 Philoctetae
408 3155 499 3230 paulo
514 3172 600 3212 secus
614 3152 706 3213 dixit:
728 3151 777 3213 ille
799 3152 880 3213 enim
902 3164 988 3231 turpe
1009 3153 1067 3215 sibi
1088 3153 1130 3214 ait
1149 3173 1217 3215 esse

209 3259 314 3322 tacere,
336 3269 405 3309 cum
425 3250 575 3322 barbaros,
594 3249 644 3310 hic
660 3260 772 3323 autem,
789 3270 859 3311 cum
881 3253 1045 3312 Isocratem
1065 3262 1217 3329 pateretur
1231 3270 1264 3320 30

210 3345 327 3420 dicere,
348 3347 449 3423 itaque
464 3347 579 3406 ornavit
594 3359 623 3407 et
634 3347 799 3407 inlustravit
814 3348 982 3409 doctrinam
997 3348 1078 3408 illam
1092 3369 1217 3411 omnem

155 2135 195 2195 35

148 2224 195 2276 140

242 3501 276 3550 M
286 3502 401 3550 :AEH
497 3501 828 3564 gannisttannosL
915 3504 1217 3566 14Lysis‘hocnomen

209 3583 274 3616 num
286 3569 311 3615 r'n
324 3568 409 3629 aliquo
417 3568 479 3616 libro
489 3574 564 3616 exstet
573 3567 671 3616 dubito'
681 3569 799 3618 Ellendt:
814 3568 907 3630 Lysias
917 3568 950 3617 M
1035 3585 1067 3632 25
1084 3571 1153 3631 quod
1165 3606 1172 3620 .
1187 3608 1193 3621 .
1207 3572 1223 3621 .'

209 3634 385 3682 transtulisset
396 3634 505 3681 damam
514 3633 616 3683 Ellendt
690 3636 723 3682 26
739 3634 795 3696 ipse
806 3635 902 3683 seclusit
912 3634 1034 3684 Fn'edriclr
1046 3653 1052 3684 ι
1069 3636 1112 3685 ille
1124 3636 1223 3690 maluit,

208 3689 318 3746 Schelle:
335 3699 357 3746 is
368 3697 462 3746 Praene
559 3714 592 3760 29
609 3700 642 3748 dc
655 3699 801 3749 Philocteta
813 3697 835 3746 L
848 3700 916 3763 vulg.
