2648 4216
79 275 145 336 310
437 261 482 320 M.
505 261 634 320 TVLLI
656 259 889 322 CICERONIS

160 415 265 489 consul
293 428 468 488 defenderat
492 447 631 504 quaeque
658 446 765 487 censor
791 425 987 506 imperatoriis
1016 425 1167 488 manubiis

159 538 288 601 ornarat,
310 525 442 605 positum
464 535 555 604 caput
577 524 652 586 illud
675 525 742 600 suit,
765 545 784 586 a
807 525 869 603 quo
894 537 978 587 erant
1002 528 1167 587 multorum

160 619 295 704 [civium]
319 622 417 700 capita
439 633 571 697 servata,
599 641 699 700 neque
719 641 791 682 vero
815 623 904 700 longe
926 624 966 684 ab
988 643 1025 684 eo
1048 625 1084 685 C.
1108 623 1168 683 Iuli

159 732 250 799 caput
270 720 396 798 hospitis
418 719 536 780 Etrusci
556 720 667 780 scelere
686 719 840 798 proditum
859 740 929 780 cum
947 721 980 781 L.
998 719 1058 780 Iuli
1070 719 1167 780 fratris

159 817 257 896 capite
277 816 376 890 iacuit,
393 828 426 877 ut
447 816 505 891 ille,
521 817 574 896 qui
592 818 668 878 haec
688 835 751 877 non
772 816 857 892 vidit,
875 828 905 877 et
920 816 1029 878 vixisse
1047 837 1119 878 cum
1136 835 1197 886 re5

159 915 280 994 publica
301 915 410 994 pariter
427 926 457 976 et
479 935 550 976 cum
570 915 620 976 illa
642 915 732 975 simul
751 915 914 976 exstinctus
935 935 1001 976 esse
1021 915 1165 988 videatur.

160 1015 268 1091 Neque
303 1013 384 1073 enim
419 1013 621 1093 propinquum
657 1033 756 1089 suurn,
783 1013 905 1074 maximi
939 1013 1031 1073 animi
1059 1012 1165 1086 virum,

160 1113 192 1170 P.
209 1112 361 1185 Crassum,
380 1123 485 1188 suapte
502 1110 691 1172 intersectum
713 1130 805 1170 manu
826 1131 926 1188 neque
944 1112 1087 1187 conlegae
1109 1109 1167 1184 sui,

159 1208 309 1287 pontificis
332 1208 460 1282 maximi,
484 1207 628 1287 sanguine
649 1208 844 1270 simulacrum
866 1210 977 1268 Vestae
997 1227 1166 1285 respersum

160 1325 225 1366 esse
238 1305 330 1380 vidit;
351 1305 400 1366 cui
414 1306 549 1382 maerori,
561 1327 621 1385 qua
634 1317 735 1366 mente
750 1305 799 1366 ille
813 1304 845 1365 in
859 1304 985 1383 patriam
998 1305 1064 1380 tuit,
1074 1304 1166 1366 etiam
1183 1327 1215 1363 10

161 1404 195 1464 C.
223 1401 379 1475 Carbonis,
405 1402 601 1463 inimicissimi
628 1401 768 1476 hominis,
795 1404 904 1463 eodem
928 1401 980 1462 illo
1008 1401 1058 1463 die
1085 1421 1167 1462 mors

117 1513 144 1548 11
159 1498 263 1558 fuisset
285 1499 397 1559 nefaria
406 1521 415 1573 ;
439 1519 501 1560 non
522 1499 596 1560 vidit
618 1520 721 1561 eorum
743 1500 887 1577 ipsorum,
908 1499 1045 1577 quitum
1066 1500 1168 1560 adule-

160 1606 277 1655 scentes
297 1597 406 1657 Crasso
424 1616 456 1656 se
473 1596 617 1672 dicarant,
631 1596 780 1657 horribilis
800 1596 984 1674 miserosque
1005 1616 1091 1657 casus
1101 1618 1110 1672 3
1131 1616 1170 1656 ex

160 1692 269 1770 quibus
300 1689 364 1774 [C]
388 1695 489 1768 Cotta,
510 1714 601 1771 quern
622 1693 673 1755 ille
694 1696 851 1754 florentem
873 1692 1039 1771 reliquerat,
1063 1692 1168 1771 paucis

160 1789 267 1851 diebus
285 1803 353 1870 post
368 1803 495 1853 mortem
511 1791 611 1854 Crassi
626 1794 768 1870 depulsus
786 1812 839 1871 per
853 1791 996 1853 invidiam
1013 1791 1168 1853 tribunatu
1184 1813 1213 1863 15

160 1909 222 1950 non
242 1889 342 1950 multis
361 1891 401 1951 ab
421 1911 457 1951 eo
477 1902 612 1968 tempore
627 1891 781 1952 mensibus
796 1891 908 1952 eiectus
928 1901 973 1951 est
993 1909 1010 1951 e
1028 1891 1148 1952 civitate
1159 1914 1168 1967 3

160 1986 308 2064 Sulpicius
325 1999 437 2062 autem,
452 1987 503 2065 qui
523 1988 554 2047 in
574 1989 682 2048 eadem
696 1987 826 2049 invidiae
840 1990 962 2048 flamma
976 1987 1089 2064 suisset,
1104 1989 1169 2067 qui-

159 2085 287 2144 buscum
311 2083 442 2162 privatus
467 2084 712 2159 coniunctissime
733 2085 854 2160 vixerat,
876 2087 933 2146 hos
957 2085 990 2146 in
1013 2085 1167 2146 tribunatu

159 2179 286 2258 spoliare
304 2179 432 2241 instituit
452 2181 535 2242 omni
553 2181 698 2258 dignitate
708 2204 716 2257 ;
741 2182 790 2243 cui
809 2181 933 2260 quidem
953 2183 994 2243 ad
1015 2203 1166 2243 summam

158 2276 282 2354 gloriam
307 2277 496 2356 eloquentiae
524 2279 720 2341 efflorescenti
747 2282 825 2340 ferro
852 2290 954 2357 erepta
977 2279 1038 2339 vita
1062 2291 1108 2341 est
1135 2291 1167 2340 et
1181 2301 1213 2336 πο

160 2395 259 2452 poena
278 2375 450 2437 temeritatis
472 2397 534 2438 non
553 2377 617 2438 sine
639 2397 749 2456 magno
768 2376 811 2437 rei
833 2377 972 2456 publicae
995 2380 1075 2438 malo
1096 2397 1167 2439 con-

117 2472 270 2533 Instituta.
315 2476 380 2552 Ego
403 2494 473 2535 vero
496 2485 533 2549 te,
555 2476 671 2549 Crasse,
691 2495 761 2536 cum
779 2474 858 2535 vitae
880 2477 953 2536 flore
975 2485 1040 2535 tum
1062 2474 1167 2535 mortis

160 2571 383 2649 opportunitate
418 2570 521 2632 divino
552 2571 677 2633 consilio
705 2582 735 2632 et
763 2582 901 2633 omatum
929 2584 960 2632 et
987 2571 1167 2633 exstinctum

160 2687 225 2729 esse
244 2668 369 2730 arbitror
378 2691 387 2744 ;
408 2689 479 2729 nam
496 2668 551 2731 tibi
570 2681 622 2730 aut
636 2691 690 2749 pro
704 2669 813 2730 virtute
826 2669 920 2730 animi
938 2669 1167 2747 constantiaque

160 2776 212 2826 tua
232 2765 326 2827 civilis
343 2766 410 2828 ferri
429 2767 588 2830 subeunda
605 2768 661 2829 fuit
680 2769 839 2830 crudelitas
860 2779 922 2843 aut,
941 2767 1044 2846 siqua
1064 2778 1094 2829 te
1111 2769 1168 2828 lor·
1183 2785 1211 2834 25

89 2912 91 2916 .
161 2872 234 2922 tuna
247 2863 287 2923 ab
300 2864 454 2925 atrocitate
470 2865 573 2926 mortis
584 2865 774 2941 vindicasset,
785 2867 892 2927 eadem
907 2885 973 2926 esse
983 2875 1014 2925 te
1027 2866 1167 2925 funerum

161 2959 273 3038 patriae
301 2973 499 3040 spectatorem
528 2963 691 3042 coegisset3
723 2983 822 3041 neque
850 2965 948 3024 solum
976 2961 1032 3022 tibi
1059 2961 1168 3042 impro-

162 3056 270 3116 borum
305 3058 487 3134 dominatus,
515 3063 569 3121 sed
597 3059 687 3122 etiarn
717 3072 839 3139 propter
865 3059 1028 3120 admixtam
1056 3059 1167 3121 civium

128 3135 287 3214 4caedem
308 3157 457 3217 bonorum
481 3157 605 3219 victoria
628 3157 754 3219 maerori
776 3157 887 3220 luisset.
932 3157 1011 3217 Mihi
1032 3157 1168 3236 quidem,

120 3225 148 3275 ¹³
162 3250 275 3326 Quinte
296 3254 393 3330 frater,
412 3267 442 3315 et
461 3275 564 3316 eorum
586 3276 683 3331 casus,
701 3257 740 3317 de
759 3255 868 3333 quibus
887 3267 957 3316 ante
978 3254 1047 3328 dirri,
1070 3266 1100 3316 et
1121 3276 1165 3329 ea,
1181 3273 1214 3322 30

161 3367 239 3426 quae
253 3364 371 3412 nosmet
389 3351 447 3431 ipsi
461 3354 501 3414 ob
516 3373 649 3414 amorem
663 3352 695 3413 in
710 3372 773 3414 rem
791 3353 945 3432 publicam
960 3351 1167 3414 incredibilem

193 3502 227 3550 M
233 3527 254 3545 -·
265 3504 347 3552 ΑΕΗ
442 3521 458 3566 3
475 3506 569 3554 civium
584 3522 635 3555 om.
649 3506 683 3554 M
778 3520 793 3566 5
810 3507 874 3554 vidit
885 3523 935 3555 om.
952 3504 985 3552 M
1067 3521 1099 3555 10
1115 3523 1167 3569 quo

160 3584 276 3619 maerore
290 3570 321 3618 M
404 3585 433 3618 12
450 3571 572 3620 nefariam
586 3571 620 3619 M
718 3587 748 3632 14
766 3572 794 3621 C.
812 3588 864 3621 om.
876 3571 909 3618 M
1019 3572 1049 3620 18
1065 3573 1168 3621 vixerat

160 3649 211 3683 om.
224 3633 257 3682 M
352 3651 386 3683 ao
402 3636 574 3686 efflorescenti
584 3635 700 3686 Ernesti:
717 3637 863 3686 llorescenti
875 3636 944 3687 codd.
