2648 4216
89 273 132 334 26
147 282 194 332 118
486 273 530 332 M.
552 273 681 332 TVLLI
702 273 935 335 CICERONIS

207 443 356 518 quaedam
376 442 546 516 oblectatio,
560 462 652 520 quam
675 442 832 520 diligenter
854 455 883 504 et
906 464 997 522 quam
1019 465 1114 524 prope
1135 445 1214 508 fasti·

208 538 293 599 diose
317 538 502 600 iudicamus!
534 542 643 600 Nullae
667 539 748 600 enim
776 541 843 602 lites
871 563 970 620 neque
995 544 1214 604 controversiae

207 647 285 710 sunt,
301 656 378 713 quae
393 649 501 715 cogant
514 637 652 698 homines
667 637 743 699 sicut
758 638 789 698 in
803 641 868 699 soro
883 660 945 700 non
960 640 1058 701 bonos
1073 653 1212 715 oratores,

146 752 193 803 119
208 733 280 794 item
304 734 336 794 in
358 737 475 795 theatro
498 746 614 796 actores
634 738 730 797 malos
753 736 875 814 perpeti.
920 740 974 797 Est
997 737 1085 815 igitur
1105 739 1214 799 oratori

207 831 364 909 diligenter
390 831 618 910 providendum,
647 854 710 894 non
737 833 781 894 uti
809 833 851 894 eis
880 834 950 895 satis
977 835 1074 909 faciat,
1104 835 1242 913 quibuss

206 950 329 990 necesse
352 941 406 1004 est,
430 933 484 991 sed
511 942 544 991 ut
568 930 611 991 eis
632 930 815 992 admirabilis
844 953 909 992 esse
937 932 1079 1008 videatur,
1104 933 1214 1012 quibus

207 1026 301 1086 libere
322 1026 409 1088 liceat
431 1026 562 1088 iudicare
572 1049 581 1102 3
600 1048 645 1102 ac,
661 1027 686 1088 si
709 1028 857 1106 quaeritis
878 1031 972 1106 plane
990 1030 1064 1107 quid
1087 1030 1213 1091 sentiam

207 1122 372 1184 enuntiabo
384 1125 467 1201 apud
480 1124 618 1185 homines
629 1124 881 1199 familiarissimos,
892 1128 975 1204 quod
985 1129 1086 1188 adhuc
1096 1148 1215 1205 semper

207 1219 287 1280 tacui
309 1230 339 1281 et
361 1222 523 1281 tacendum
542 1220 661 1298 putavi:
693 1221 767 1281 mihi
784 1221 873 1282 etiam
896 1223 949 1299 qui
971 1222 1084 1300 optime
1109 1223 1215 1285 dicunt
1254 1299 1258 1308 Ι

208 1317 321 1395 quique
334 1317 366 1379 id
380 1318 519 1378 facillime
532 1330 623 1396 atque
637 1319 825 1380 ornatissime
839 1322 937 1381 facere
951 1333 1085 1398 possunt,
1101 1333 1211 1395 tamen,
1229 1343 1260 1378 ιο

207 1414 264 1475 nisi
288 1414 392 1475 timide
413 1416 454 1475 ad
476 1414 639 1476 dicendum
661 1418 810 1477 accedunt
829 1427 859 1476 et
873 1417 905 1476 in
920 1417 1065 1478 ordienda
1079 1417 1214 1478 oratione

207 1514 424 1591 perturbantur,
448 1533 545 1592 paene
568 1513 759 1592 impudentes
781 1514 1091 1588 videntur‚—tametsi
1115 1515 1147 1576 id
1167 1537 1214 1576 ac-

148 1634 195 1669 120
209 1611 308 1672 cidere
335 1633 398 1672 non
425 1623 543 1691 potest3
585 1623 618 1673 ut
646 1613 726 1673 enim
759 1613 887 1691 quisque
915 1614 1028 1692 optime
1062 1613 1144 1687 dicit,
1173 1613 1214 1674 ita

208 1710 346 1771 maxime·
360 1711 482 1772 dicendi
503 1711 708 1772 difficultatem
735 1711 893 1790 variosque
920 1724 1043 1774 eventus
1071 1710 1213 1773 orationis

209 1809 521 1887 exspectationemque
545 1809 703 1870 hominum
727 1810 909 1889 pertimescit
918 1809 1020 1888 3-—qui
1043 1830 1115 1870 vero
1139 1808 1213 1869 nihil
1229 1830 1258 1881 ¹5

208 1916 307 1983 potest
321 1905 445 1982 dignum
456 1926 496 1979 re,
505 1905 630 1982 dignum
644 1906 768 1968 nomine
778 1907 910 1982 oratoris,
920 1908 1045 1985 dignum
1055 1906 1213 1967 hominum

208 2002 329 2062 auribus
344 2003 459 2062 efficere
472 2014 564 2079 atque
577 2003 675 2076 edere,
687 2002 713 2064 is
727 2003 809 2077 mihi,
822 2003 912 2064 etiam
927 2003 952 2064 si
962 2015 1169 2064 commovetur
1181 2003 1213 2062 in

209 2099 348 2173 dicendo,
363 2111 465 2160 tamen
483 2099 645 2178 impudens
658 2100 775 2162 videtur
783 2123 793 2177 3
813 2101 971 2163 nonenim
989 2102 1143 2181 pudendo,
1159 2103 1213 2162 sed

208 2218 270 2258 non
303 2197 442 2258 faciendo
470 2197 510 2272 id,
540 2200 623 2276 quod
653 2219 716 2260 non
743 2201 839 2273 decet,
868 2199 1074 2278 impudentiae
1100 2219 1213 2260 nomen

148 2318 192 2355 ιιι
209 2298 339 2373 effugere
366 2297 532 2371 debemus3
566 2317 657 2375 quem
684 2317 755 2358 vero
782 2318 845 2358 non
873 2297 1050 2376 pudet-id
1074 2299 1157 2375 quod
1181 2296 1213 2357 in
1228 2320 1259 2355 20

208 2392 357 2472 plerisque
371 2392 583 2454 video-hunc
605 2414 662 2471 ego
686 2415 748 2455 non
776 2394 1006 2472 reprehensione
1029 2396 1135 2466 solum,
1159 2395 1214 2454 sed

208 2491 299 2552 etiam
321 2510 420 2568 poena
442 2490 567 2568 dignum
589 2502 674 2569 puto:
716 2491 866 2568 Equidem
885 2502 915 2552 et
933 2491 965 2551 in
978 2490 1065 2551 vobis
1079 2488 1213 2550 animum

209 2589 361 2648 advertere
384 2590 467 2649 soleo
489 2587 573 2649 etin
597 2608 646 2648 me
670 2586 737 2664 ipso
759 2587 932 2666 saepissime
958 2586 1101 2665 experior,
1126 2597 1159 2646 ut
1183 2597 1214 2646 et

209 2685 396 2745 exalbescam
410 2684 441 2745 in
455 2683 608 2762 principiis
622 2683 744 2745 dicendi
758 2695 787 2744 et
802 2695 865 2745 tota
878 2695 979 2744 mente
989 2695 1080 2761 atque
1090 2683 1214 2744 artubus

210 2781 352 2843 omnibus
384 2781 631 2856 contremiscam3
669 2783 911 2842 adulescentulus
944 2800 1015 2841 vero
1050 2779 1094 2840 sic
1127 2779 1214 2839 initio
1228 2798 1258 2849 ²5

209 2877 407 2939 accusationis
430 2877 614 2938 exanimatus
631 2899 706 2951 sum,
722 2889 755 2938 ut
777 2880 837 2939 hoc
858 2898 1009 2938 summum
1032 2875 1214 2937 beneficium

210 2977 248 3051 Q.
266 2974 400 3034 Maximo
422 2974 586 3048 debuerim,
609 2977 693 3051 quod
715 2974 859 3035 continuo
880 2973 1037 3035 consilium
1059 2971 1212 3046 dimiserit,

149 3072 298 3133 insimul
320 3093 355 3132 ac
378 3093 427 3133 me
450 3076 575 3134 fractum
597 3094 633 3134 ac
655 3073 844 3134 debilitatum
866 3083 949 3133 metu
976 3071 1101 3133 viderit'
1152 3070 1214 3130 Hic

210 3188 315 3230 omnes
333 3169 454 3230 adsensi
473 3170 639 3248 significare
658 3169 735 3231 inter
752 3190 817 3230 sese
831 3180 860 3230 et
875 3169 1018 3246 conloqui
1032 3178 1215 3246 coeperunt,

209 3265 264 3326 fuit
279 3265 360 3326 enim
380 3267 520 3329 mirificus
540 3268 663 3345 quidam
677 3267 709 3328 in
724 3269 833 3330 Crasso
847 3270 953 3345 pudor,
968 3266 1021 3344 qui
1035 3277 1136 3326 tamen
1151 3284 1214 3324 non
1229 3283 1261 3333 50

210 3366 303 3425 modo
325 3386 387 3426 non
410 3367 529 3427 obesset
551 3365 615 3427 eius
629 3365 764 3438 orationi,
780 3368 835 3427 sed
853 3365 943 3426 etiam
962 3363 1118 3443 probitatis
1135 3383 1215 3423 com-

157 3469 195 3528 ²7
211 3463 403 3524 mendatione
424 3467 587 3543 prodesset
631 3467 711 3524 Tum
738 3462 890 3524 Antonius
919 3467 1035 3540 ‘saepe
1060 3473 1094 3522 ut
1121 3459 1215 3534 dicis,'

243 3618 276 3667 M
280 3619 360 3679 =HE
487 3621 517 3669 18
533 3620 601 3669 enlm
613 3620 786 3682 pudendosed
800 3619 821 3668 L
834 3635 905 3668 rece:
924 3618 993 3667 enim
1005 3617 1121 3666 iaciendo
1131 3616 1214 3666 solum

209 3687 278 3748 quod
291 3702 343 3734 non
355 3685 430 3734 decet
440 3686 487 3734 sed
499 3684 532 3732 H
555 3703 562 3735 ε
579 3685 647 3733 enim
659 3684 777 3734 faciendo
785 3685 832 3734 sed
841 3685 873 3733 M
920 3699 955 3746 30
971 3699 1024 3732 non
1035 3684 1112 3732 modo
1120 3698 1171 3732 om.
1185 3680 1221 3750 u:
