2648 4216
459 260 517 318 DE
539 258 744 320 ORATORE
782 259 797 320 I

126 437 240 487 veteres
269 446 427 504 moresque
454 426 601 488 maiorum
611 450 620 502 ;
648 427 745 505 quid?
774 426 915 506 auspicia,
941 427 1050 505 quibus
1075 444 1133 503 ego
1203 478 1208 503 ,

126 536 157 585 et
178 537 219 598 tu,
235 526 351 599 Crasse,
366 545 436 586 cum
459 545 568 603 magna
591 525 633 587 rei
657 526 795 604 publicae
819 529 914 588 salute
936 544 1132 604 praesumus;
1212 539 1220 557 ³

127 620 224 698 quid?
243 621 400 700 religiones
421 632 451 682 et
473 621 672 685 caerimoniae
682 645 691 696 3
720 623 816 700 quid?
844 626 919 685 haec
941 623 1005 684 iura
1025 621 1132 696 civilia,

127 737 205 795 quae
227 718 286 779 iarn
311 718 427 797 pridem
452 718 483 779 in
507 731 609 781 nostra
632 720 744 781 familia
767 719 832 781 sine
855 722 917 781 ulla
942 718 1132 798 eloquentiae

97 816 216 886 5laude
244 827 405 890 versantur,
430 836 503 877 num
530 828 582 877 aut
610 817 731 878 inventa
758 829 828 878 sunt
855 828 907 879 aut
934 816 1054 894 cognita
1080 826 1132 876 aut

128 912 254 973 omnino
280 913 321 974 ab
348 924 499 974 oratorum
526 933 634 991 genere
658 917 803 974 tmctata?
845 912 995 991 Equidem
1018 924 1049 973 et
1070 914 1131 973 Ser.
1147 929 1181 979 4ο

128 1011 257 1072 Galbam
278 1011 423 1072 memoria
446 1023 536 1072 teneo
558 1011 693 1073 divinum
716 1011 870 1073 hominem
894 1010 926 1070 in
948 1009 1079 1072 dicendo
1103 1019 1133 1071 et

129 1111 172 1169 M.
194 1109 356 1170 Aemilium
378 1109 536 1171 Porcinam
557 1122 588 1171 et
609 1111 643 1173 C.
666 1110 765 1188 ipsum
786 1110 966 1183 Carbonem,
989 1128 1080 1187 quem
1101 1119 1133 1168 tu

128 1207 370 1268 adulescentulus
398 1206 557 1286 perculisti,
581 1207 716 1285 ignarum
743 1210 851 1285 legum,
875 1206 1072 1268 haesitantem
1103 1204 1135 1264 in

82 1323 114 1357 10
129 1303 275 1365 maiorum
303 1304 453 1379 institutis,
479 1307 585 1367 rudem
612 1305 644 1365 in
671 1305 735 1366 iure
762 1304 840 1366 civili
850 1328 859 1380 ;
893 1316 923 1366 et
950 1307 1025 1366 haec
1052 1314 1134 1364 aetas

129 1413 225 1462 vestra
238 1414 355 1479 praeter
370 1414 409 1476 te,
425 1404 532 1465 Crasse
546 1402 598 1480 qui
619 1413 672 1463 tuo
686 1402 779 1480 magis
794 1401 894 1463 studio
908 1421 999 1479 quarn
1013 1399 1135 1479 proprio

129 1518 253 1558 munere
274 1497 376 1576 aliquo
398 1497 576 1561 disertorum
595 1498 641 1559 ius
659 1518 678 1559 a
694 1498 782 1560 nobis
796 1498 882 1560 civile
895 1497 1034 1572 didicisti,
1050 1498 1134 1576 quod

128 1593 280 1655 interdurn
300 1597 421 1676 pudeat,
436 1594 507 1657 iuris
529 1595 630 1674 ignara
650 1607 703 1656 est
747 1596 840 1671 Quod
860 1615 931 1656 vero
951 1595 982 1655 in
1003 1605 1135 1655 extrema
1146 1618 1177 1670 41

129 1690 264 1753 oratione
288 1690 373 1770 quasi
398 1704 451 1753 tuo
472 1691 536 1753 iure
558 1691 719 1770 sumpsisti,
734 1704 882 1754 oratorem
906 1692 937 1752 in
959 1692 1057 1754 omnis
1078 1712 1136 1753 ser·

83 1809 115 1858 ¹5
130 1787 229 1849 monis
243 1788 445 1867 disputatione
459 1788 665 1867 copiosissime
679 1789 787 1850 versari
800 1809 897 1867 posse,
914 1789 953 1862 id,
969 1789 1026 1850 nisi
1040 1788 1090 1850 hic
1104 1788 1135 1855 in

130 1899 184 1946 tuo
203 1906 294 1964 regno
314 1906 456 1960 essemus,
472 1907 534 1947 non
556 1885 690 1946 tulissem
711 1885 872 1963 multisque
891 1906 1067 1964 praeessem,
1083 1884 1135 1964 qui

129 1995 182 2044 aut
205 1983 364 2046 interdicto
386 1997 487 2045 tecum
509 1985 726 2045 contenderent
746 1995 799 2043 aut
821 1994 851 2044 te
872 2004 908 2044 ex
928 1982 991 2044 iure
1012 2003 1136 2044 manum

131 2093 302 2143 consertum
330 2092 479 2154 vocarent,
509 2081 592 2158 quod
624 2079 656 2139 in
689 2079 801 2140 alienas
836 2079 1040 2157 possessiones
1074 2091 1134 2141 tam

131 2191 243 2241 temere
277 2178 426 2240 inruisses.
483 2181 615 2256 Agerent
653 2175 734 2238 enirn
772 2189 872 2238 tecum
907 2180 973 2256 lege
1006 2177 1136 2256 primum
1149 2204 1180 2252 4²

85 2297 119 2332 20
132 2278 310 2356 Pythagorei
331 2297 437 2340 omnes
461 2287 553 2354 atque
576 2274 752 2337 Democritii
774 2275 924 2354 ceterique
947 2277 979 2337 in
999 2276 1062 2337 iure
1083 2295 1138 2336 sua

131 2374 246 2452 physici
266 2374 452 2436 vindicarent
471 2372 580 2456 [ornati
598 2372 736 2434 homines
757 2372 789 2432 in
809 2372 940 2434 dicendo
960 2385 990 2434 et
1010 2370 1135 2454 graves],

132 2473 313 2551 quibuscum
333 2472 389 2534 tibi
413 2472 492 2534 iusto
514 2483 701 2534 sacramento
725 2472 907 2532 contendere
931 2491 993 2532 non
1017 2471 1138 2545 liceret,

132 2583 269 2648 urgerent
290 2582 442 2649 praeterea
462 2569 711 2648 philosophorum
731 2587 834 2646 greges
855 2566 914 2628 iarn
934 2569 974 2628 ab
988 2568 1039 2629 illo
1054 2571 1137 2630 lonte

133 2679 163 2728 et
185 2667 283 2746 capite
305 2670 427 2729 Socrate
450 2667 524 2727 nihil
547 2680 576 2728 te
598 2669 638 2727 de
657 2665 744 2727 bonis
763 2666 852 2726 rebus
871 2665 902 2725 in
920 2665 989 2738 vita,
1004 2664 1079 2725 nihil
1098 2666 1137 2726 de

89 2785 118 2834 25
133 2765 228 2838 malis,
254 2764 328 2825 nihil
356 2766 396 2826 de
419 2763 513 2825 animi
540 2762 786 2841 permotionibus,
812 2761 887 2822 nihil
914 2762 953 2823 de
980 2761 1138 2823 hominum

134 2862 276 2936 moribuS,
312 2862 387 2923 nihil
420 2863 460 2924 de
487 2860 602 2923 ratione
629 2860 706 2921 vitae
734 2858 883 2932 didicisse,
911 2858 986 2919 nihil
1012 2857 1138 2919 omnino

134 2959 294 3037 quaesisse,
314 2959 389 3019 nihil
410 2958 485 3020 scire
505 2957 717 3019 convincerent
727 2979 736 3031 3
765 2968 795 3017 et
816 2976 886 3017 cum
907 2954 1036 3016 universi
1056 2954 1088 3014 in
1108 2967 1139 3015 te

134 3057 281 3135 impeturn
295 3055 443 3129 fecissent,
459 3067 524 3116 tum
541 3054 674 3132 singulae
693 3053 822 3114 familiae
840 3053 923 3115 litem
937 3051 992 3114 tibi
1005 3051 1139 3114 intende

135 3166 219 3230 rent;
253 3153 376 3216 instaret
403 3152 577 3228 Academia,
601 3171 687 3230 quae,
717 3151 860 3230 quicquid
889 3150 1021 3226 dixisses,
1049 3151 1081 3213 id
1109 3163 1139 3212 te
1151 3172 1182 3221 43

90 3270 121 3319 30
135 3250 233 3332 ipsum
262 3272 370 3330 negare
397 3262 535 3330 cogeret;
568 3248 661 3311 Stoici
688 3268 759 3309 vero
785 3247 879 3309 nostri
903 3247 1139 3326 disputationum

136 3369 256 3410 suarum
270 3361 362 3428 atque
375 3347 641 3427 interrogationum
655 3345 769 3424 laqueis
784 3357 813 3406 te
824 3345 975 3407 inretitum
987 3356 1140 3465 tenerent;

168 3506 227 3555 M·
235 3507 290 3557 HE
337 3523 353 3556 a
371 3508 523 3558 Crasseom.
532 3506 565 3556 M
614 3523 640 3555 rr
655 3503 799 3555 vostraH
811 3503 972 3553 nostracodd.
1025 3506 1055 3551 16
1067 3518 1139 3565 prae

137 3572 318 3623 essemcodd·
334 3572 507 3635 praeiemff:
524 3587 663 3636 praeissem
674 3571 730 3620 edd
796 3572 867 3618 aoin
881 3585 936 3618 rure
945 3585 992 3618 sua
1002 3567 1140 3617 Fmdrrcb

137 3654 163 3687 rn
175 3637 319 3690 suocodd
313 3653 380 3688 suo
391 3654 447 3688 rure
459 3637 600 3686 Lambinus
610 3653 664 3686 recc
786 3651 816 3685 ar
830 3636 951 3684 ornati..
966 3650 1075 3696 graves
1086 3633 1139 3682 secl.

136 3703 268 3754 Fn'edn'clr:
281 3705 548 3754 oruatlhominesom.
552 3702 609 3750 Mm
648 3718 682 3763 30
694 3701 991 3764 negarecogeretvulg
986 3698 1142 3748 necaretM
