2648 4216
454 272 512 331 nn
534 271 742 334 oxnrons
784 272 818 333 11
1154 269 1253 358 64258

132 457 204 500 cum
224 441 344 500 Asellus
358 437 457 500 omnis
472 459 504 500 se
525 438 692 518 provincias
713 438 862 518 stipendia
880 451 1045 502 merentem
1059 460 1141 519 pera·

132 555 232 613 grasse
244 536 435 614 gloriaretur:
459 541 546 615 ‘agas
560 540 702 598 asellum'
717 549 747 598 et
760 549 879 613 cetera3
900 558 960 616 qua
974 560 1005 599 re
1019 559 1055 599 ea
1069 558 1141 616 quo

133 653 201 711 que,
218 634 362 712 quoniam
383 635 504 696 mutatis
521 636 619 696 verbis
642 656 703 696 non
723 648 850 713 possunt
870 636 998 697 retinere
1011 639 1139 698 eandem

133 742 329 806 venustatem,
346 752 408 792 non
425 732 456 792 in
475 753 515 805 re,
532 733 586 794 sed
605 732 636 792 in
650 732 748 793 verbis
769 732 867 811 posita
885 736 1039 794 ducantur.
1085 735 1140 794 Est
1154 748 1204 801 2⁵9

104 828 223 900 setiam
246 828 278 888 in
299 830 391 890 verbo
413 830 545 908 positum
567 851 629 891 non
651 831 798 892 insulsum
821 851 915 909 genus
938 852 975 891 ex
997 852 1042 906 eo,
1069 851 1139 892 cum

132 927 325 1001 adverbum,
348 948 411 988 non
431 930 472 989 ad
493 929 672 990 sententiam
692 950 756 990 rem
777 929 912 1007 accipere
933 929 1072 1003 videare:
1103 950 1140 990 ex

132 1043 194 1101 quo
220 1044 283 1085 uno
310 1045 419 1104 genere
447 1036 528 1086 totus
556 1037 601 1087 est
629 1028 733 1101 Tutor,
763 1025 873 1087 mimus
901 1038 994 1101 vetus,
1024 1026 1139 1104 oppido

131 1119 281 1181 ridiculus.
325 1123 386 1184 Sed
400 1124 478 1184 abeo
492 1143 511 1184 a
529 1122 648 1198 mimis3
679 1134 795 1183 tantum
809 1143 904 1202 genus
918 1123 1007 1184 huius
1021 1123 1138 1185 ridiculi

130 1217 239 1295 insigni
262 1218 363 1297 aliqua
386 1231 417 1280 et
439 1231 512 1281 nota
535 1241 567 1281 re
592 1220 688 1282 notari
708 1222 778 1282 volo
790 1243 799 1295 ;
830 1233 875 1282 est
896 1233 997 1283 autem
1018 1242 1055 1282 ex
1079 1222 1138 1281 hoc

87 1338 117 1373 ro
130 1336 239 1394 genere
252 1315 335 1391 illud,
352 1318 435 1395 quod
449 1329 491 1390 tu,
508 1318 624 1393 Crasse,
639 1338 736 1397 nuper
750 1317 786 1392 ei,
803 1318 854 1396 qui
869 1330 899 1379 te
913 1331 1053 1396 rogasset,
1064 1339 1136 1378 num

130 1413 185 1475 tibi
199 1416 343 1475 molestus
354 1426 433 1476 esset
447 1418 571 1490 iuturus,
588 1415 613 1476 si
627 1417 666 1476 ad
677 1427 706 1476 te
717 1416 795 1476 bene
803 1427 874 1476 ante
885 1418 983 1476 lucem
997 1415 1135 1491 venisset,

131 1514 182 1571 ‘tu
196 1513 286 1573 vero’
302 1511 426 1589 inquisti
445 1515 607 1574 ‘molestus
625 1533 688 1573 non
708 1512 783 1573 eris.'
827 1511 968 1574 ‘Iubebis
987 1512 1075 1590 igitur
1089 1516 1136 1574 te'

129 1607 227 1686 inquit
258 1608 454 1671 ‘suscitarit’
490 1613 530 1671 Et
558 1622 591 1671 tu
621 1615 718 1671 ‘certe
746 1630 886 1688 negaram
918 1621 948 1672 te
976 1613 1135 1672 molestum

129 1707 280 1766 futurum!
322 1709 369 1768 Ex
382 1708 492 1768 eodem
507 1709 566 1768 hoc
584 1719 670 1768 vetus
684 1707 758 1768 illud
773 1719 826 1780 est,
843 1709 927 1785 quod
941 1707 1025 1768 aiunt
1041 1710 1137 1769 Malu·
1150 1713 1200 1764 260

87 1824 115 1875 15
127 1801 283 1880 ginensem
308 1801 393 1864 illum
415 1801 487 1886 [M.]
509 1803 690 1883 Scipionem,
713 1825 782 1866 cum
804 1826 840 1865 ex
864 1805 998 1866 centuria
1018 1826 1073 1866 sua
1094 1826 1137 1866 re-

128 1898 278 1960 nuntiaret
302 1899 467 1961 Acidinum
490 1904 646 1962 consulem
668 1921 837 1980 praecoque
859 1901 981 1962 dixisset
1008 1903 1074 1963 ‘dic
1096 1904 1135 1963 de

128 1998 162 2056 L.
187 1996 342 2058 Manlio':
376 1997 491 2058 ‘virum
512 1999 647 2059 bonum'
669 1997 766 2077 inquit
790 1999 1018 2077 ‘egregiumque
1038 2000 1134 2061 civem

128 2113 194 2154 esse
215 2093 358 2154 arbitror.¹
401 2094 543 2156 Ridicule
566 2096 656 2156 etiam
681 2095 755 2157 illud
784 2099 817 2157 L.
846 2094 994 2178 [Porcius]
1024 2099 1134 2161 Nasica

128 2191 244 2251 censori
259 2191 388 2268 Catoni3
418 2213 488 2252 cum
503 2192 552 2253 ille
569 2198 624 2253 ‘ex
638 2192 681 2253 tui
695 2193 788 2254 animi
802 2194 950 2254 sententia
964 2206 996 2254 tu
1011 2216 1133 2256 uxorem

82 2315 114 2350 20
128 2290 259 2350 habes?’
296 2292 386 2351 ‘Non
409 2293 546 2352 hercule’
569 2291 666 2370 inquit
692 2296 747 2352 ‘ex
768 2291 828 2352 mei
852 2292 945 2352 animi
968 2296 1133 2356 sententia'
1173 2285 1177 2290 ⁴

129 2388 217 2447 Haec
237 2399 289 2447 aut
310 2387 417 2465 frigida
436 2401 506 2449 sunt
520 2401 572 2450 aut
593 2400 657 2448 tum
679 2391 764 2463 salsa,
787 2409 857 2448 cum
872 2389 954 2451 aliud
974 2404 1019 2452 est
1033 2413 1132 2470 exspe-

126 2495 248 2544 ctatum.
278 2487 394 2547 Natura
403 2486 484 2546 enim
496 2506 559 2561 nos,
571 2498 604 2547 ut
618 2498 688 2546 ante
702 2485 771 2559 dixi,
782 2496 884 2547 noster
897 2489 1026 2548 delectat
1035 2509 1131 2565 error;

126 2602 162 2642 ex
183 2603 253 2660 quo,
277 2604 346 2644 cum
369 2585 454 2664 quasi
475 2584 595 2663 decepti
614 2604 718 2644 sumus
739 2583 970 2662 exspectatione,
988 2585 1165 2692 ridemus.6

128 2680 165 2739 In
186 2680 283 2742 verbis
308 2683 398 2743 etiam
419 2683 470 2743 illa
490 2694 568 2758 sunt,
591 2702 669 2761 quae
690 2692 741 2741 aut
762 2701 798 2742 ex
819 2679 976 2742 immutata
997 2683 1130 2744 oratione
1147 2648 1190 2773 2⁶⁵1

81 2799 112 2848 ²5
127 2779 279 2840 ducuntur
293 2792 345 2841 aut
363 2802 401 2841 ex
421 2780 509 2842 unius
530 2782 613 2842 verbi
635 2779 827 2841 translatione
841 2791 892 2839 aut
914 2800 951 2840 ex
965 2779 1131 2842 inversione

126 2877 293 2938 verborum.
339 2882 384 2938 Ex
406 2878 624 2953 immutatione,
649 2890 682 2938 ut
711 2877 783 2938 olim
812 2879 915 2937 Rusca
936 2897 1007 2937 cum
1034 2879 1131 2955 legem

126 2976 214 3036 ferret
237 2979 386 3052 annalem,
411 2977 563 3038 dissuasor
586 2979 629 3036 M.
657 2974 797 3037 Servilius
829 2973 894 3034 ‘dic
920 2973 1012 3049 mihi,'
1034 2973 1131 3052 inquit

127 3075 188 3132 ιΜ.
202 3074 310 3149 Pinari,
326 3094 408 3149 num,
425 3074 450 3134 si
464 3086 568 3135 contra
583 3086 613 3135 te
630 3073 741 3146 dixero,
758 3071 832 3132 mihi
848 3073 926 3132 male
941 3071 1073 3132 dictums
1087 3092 1127 3147 es,

124 3180 158 3230 ut
172 3171 277 3231 ceteris
291 3171 387 3232 fecisti
397 3174 427 3231 i'
464 3175 524 3233 ‘Ut
538 3182 704 3232 sementem
719 3168 831 3244 feceris,
842 3168 883 3228 ita
898 3179 992 3228 metes
1003 3169 1010 3196 '
1023 3168 1127 3246 inquit.

80 3287 111 3337 30
126 3269 171 3327 Ex
186 3269 378 3329 translatione
392 3279 500 3342 autern,
524 3280 565 3342 ut,
582 3287 651 3328 cum
672 3266 772 3345 Scipio
793 3265 843 3326 ille
857 3265 952 3325 maior
966 3265 1129 3327 Corinthiis
1145 3279 1190 3328 πόα

124 3375 253 3425 statuam
274 3365 485 3443 pollicentibus
506 3386 543 3426 eo
564 3367 640 3438 loco,
667 3364 719 3425 ubi
739 3363 865 3423 aliorum
887 3374 986 3422 essent
1007 3361 1128 3440 impera·

156 3519 190 3568 M
198 3544 220 3562 =
233 3520 265 3568 H
340 3538 355 3582 4
373 3522 494 3570 dicuntur
502 3521 559 3569 Hm
656 3535 685 3578 13
704 3534 812 3581 negaras
824 3519 847 3566 L
933 3533 962 3578 15
981 3517 1016 3565 Μ.
1029 3519 1130 3566 sustulit

123 3585 223 3634 Ellendt
318 3602 347 3648 17
365 3603 425 3648 ·que
437 3603 488 3635 om.
503 3585 560 3634 Hm
657 3587 687 3633 18
705 3601 763 3634 esse
780 3599 831 3633 om.
846 3583 904 3632 Hm
970 3583 999 3632 L.
1013 3584 1128 3645 porcium

122 3650 196 3699 Hm:
215 3651 246 3702 L.
258 3652 358 3713 portius
371 3652 423 3702 Le:
442 3653 470 3702 L.
483 3652 578 3715 scn'psit
587 3650 688 3701 Ellendt

1015 3693 1061 3780 ri-
