2648 4216
84 259 183 320 52225
479 249 522 306 M.
545 247 674 307 TVLLI
696 245 929 308 CICERONIS

199 412 327 490 sapienti
343 424 453 491 negant
466 413 603 475 accidere
623 434 732 492 posse:
753 413 861 474 servire
881 432 952 473 vero
972 432 1035 474 non
1055 414 1149 475 modo
1163 423 1202 489 te,

199 511 253 571 sed
267 511 438 572 universum
452 521 597 585 senatum,
613 511 698 572 cuius
712 522 777 572 tum
791 530 912 571 oausam
925 511 1044 587 agebas,
1059 531 1149 571 ausus
1170 531 1203 572 es

137 620 184 670 226
198 607 319 668 dicere?
373 612 515 669 Potestne
538 609 638 682 virtus,
662 610 778 681 Crasse,
801 606 909 668 servire
931 607 994 668 istis
1020 607 1201 681 auctoribus,

198 726 325 783 quorum
340 717 372 767 tu
386 718 544 785 praecepta
557 706 681 767 oratoris
695 707 835 766 facultate
844 705 1072 783 complecteris?
1114 707 1202 781 Quae

197 812 228 861 et
242 822 359 880 semper
372 814 402 864 et
416 805 480 865 sola
493 804 586 864 libera
600 813 653 876 est,
669 822 815 880 quaeque,
831 801 921 862 etiam
935 801 960 861 si
974 821 1100 879 corpora
1113 813 1201 878 capta
1214 823 1228 874 5

198 898 256 959 sint
277 900 367 960 armis
388 912 440 961 aut
464 899 624 961 constricta
647 899 781 973 vinculis,
806 911 908 960 tamen
932 919 1020 959 suum
1044 898 1090 959 ius
1111 910 1202 976 atque

198 997 333 1058 omnium
347 1018 445 1058 rerum
459 997 636 1075 impunitam
651 997 817 1058 libertatem
831 1007 932 1057 tenere
953 997 1070 1056 debeat.
1114 998 1202 1071 Quae

197 1115 268 1155 vero
281 1095 432 1169 addidisti,
448 1115 510 1156 non
524 1097 618 1156 modo
632 1107 769 1156 senatum
783 1094 891 1155 servire
904 1114 993 1172 posse
1009 1095 1132 1172 populo,
1147 1094 1202 1154 sed
1233 1103 1239 1116 ·

197 1193 288 1253 etiam
313 1193 431 1267 debere,
457 1193 524 1271 quis
545 1195 604 1254 hoc
625 1192 822 1271 philosophus
843 1203 905 1251 tam
926 1191 1033 1264 mollis,
1055 1202 1117 1251 tam
1141 1192 1203 1250 lan-

196 1289 313 1367 guidus,
333 1302 395 1350 tam
416 1301 580 1363 enervatus,
602 1301 664 1349 tam
684 1289 787 1351 omnia
806 1291 846 1349 ad
864 1291 1049 1366 voluptatem
1070 1288 1202 1366 corporis
1219 1309 1249 1345 ιο

197 1388 393 1466 doloremque
407 1390 535 1449 referens
549 1388 675 1466 probare
689 1398 799 1465 posset,
809 1398 946 1447 senatum
957 1387 1064 1447 servire
1078 1388 1201 1465 populo,

197 1506 245 1546 cur
238 1486 416 1564 ‘'populus
408 1506 472 1564 ipse
492 1485 669 1546 moderandi
683 1497 713 1546 et
726 1484 849 1562 regendi
863 1484 909 1545 sui
923 1495 1101 1562 potestatem
1116 1485 1202 1562 quasi

132 1559 172 1618 ⁵3
152 1585 343 1701 27quasdam
370 1584 503 1645 habenas
536 1583 752 1644 tradidisset?
786 1585 893 1662 Itaque
925 1584 1001 1643 haec
1028 1603 1098 1643 cum
1125 1603 1143 1643 a
1171 1595 1201 1644 te

135 1647 337 1742 22⁷divinitus
365 1701 421 1758 ego
450 1681 530 1742 dicta
556 1680 719 1754 arbitrarer,
749 1683 781 1741 P.
812 1680 943 1741 Rutilius
972 1681 1078 1753 Rufus,
1107 1682 1200 1742 homo

194 1780 302 1839 doctus
317 1791 346 1839 et
360 1778 567 1856 philosophiae
581 1778 709 1852 deditus,
725 1798 788 1839 non
801 1779 895 1840 modo
909 1798 1014 1856 parum
1028 1781 1198 1852 commode,
1216 1794 1245 1844 15

195 1877 354 1937 sedetiam
368 1876 492 1954 turpiter
505 1887 535 1936 et
549 1875 694 1953 flagitiose
711 1876 792 1937 dicta
812 1896 879 1936 esse
899 1875 1038 1950 dicebat;
1058 1875 1200 1954 idemque

194 1973 329 2034 Servium
349 1974 486 2048 Galbam,
502 1993 592 2052 quem
614 1974 768 2034 hominem
789 1973 884 2051 probe
905 1973 1146 2034 commeminisse
1167 1994 1200 2034 se

193 2071 301 2146 aiebat,
313 2072 491 2150 pergraviter
498 2073 715 2149 reprehendere
724 2071 848 2144 solebat,
859 2072 942 2148 quod
951 2071 984 2143 is,
998 2072 1030 2130 L.
1042 2071 1199 2131 Scribonio

194 2171 401 2248 quaestionem
422 2170 454 2229 in
474 2189 544 2230 eum
565 2171 686 2242 serente,
708 2169 813 2247 populi
840 2168 1074 2229 misericordiam
1102 2168 1200 2229 conci-

194 2277 294 2341 tasset,
319 2288 388 2329 cum
417 2270 460 2327 M.
486 2268 572 2340 Cato,
595 2267 711 2328 Galbae
734 2266 830 2345 gravis
852 2278 943 2344 atque
961 2286 1030 2326 acer
1049 2266 1196 2340 inimicus,
1213 2289 1244 2325 ιο

193 2386 298 2443 aspere
324 2366 406 2443 apud
440 2366 586 2443 populum
622 2366 795 2425 Romanum
830 2375 860 2424 et
894 2365 1086 2425 vehementer
1120 2375 1198 2425 esset

193 2465 320 2537 locutus,
345 2483 437 2541 quam
458 2462 623 2523 orationem
645 2463 676 2522 in
698 2461 870 2540 Originibus
889 2462 950 2523 suis
967 2462 1103 2540 exposuit
1123 2461 1195 2539 ipse.

132 2576 178 2624 228
194 2561 447 2640 Reprehendebat
468 2560 555 2638 igitur
576 2561 705 2622 Galbam
727 2560 866 2634 Rutilius,
885 2562 968 2638 quod
988 2560 1014 2620 is
1034 2562 1067 2622 C.
1085 2559 1197 2637 Sulpici

193 2659 261 2719 Gali
275 2658 435 2737 propinqui
450 2657 495 2718 sui
511 2659 548 2734 Q.
565 2658 713 2736 pupillum
726 2658 822 2718 filium
836 2658 900 2736 ipse
921 2678 1017 2737 paene
1031 2657 1062 2718 in
1077 2677 1196 2718 umeros

191 2776 262 2817 suos
276 2755 428 2817 extulisset
416 2755 503 2833 t,qui
517 2754 608 2832 patris
622 2754 776 2816 clarissimi
789 2757 1039 2818 recordationet
1009 2766 1039 2816 et
1052 2755 1197 2816 memoria
1211 2775 1241 2826 ²5

191 2856 295 2915 fletum
319 2855 433 2932 populo
450 2863 627 2926 moveret,e
609 2855 736 2915 etduos
761 2855 838 2916 filios
862 2875 933 2916 suos
957 2874 1064 2933 parvos
1086 2864 1132 2914 tut
1120 2855 1196 2914 telae

190 2952 295 3030 populi
319 2954 560 3013 commendasset
583 2973 621 3013 ac
641 2973 681 3026 se,
703 2965 858 3032 tamquam
881 2953 914 3014 in
934 2952 1090 3031 procinctu
1111 2962 1198 3011 testa·

191 3060 327 3111 mentum
341 3051 450 3110 faceret
464 3049 528 3111 sine
543 3049 618 3111 libra
631 3062 723 3128 atque
736 3050 854 3124 tabulis,
866 3053 1013 3129 populum
1022 3053 1196 3110 Romanum

190 3157 320 3207 tutorem
341 3146 494 3208 instituere
509 3146 632 3208 dixisset
645 3147 764 3208 illorum
778 3147 905 3208 orbitati.
950 3150 1065 3225 Itaque,
1081 3166 1151 3207 cum
1166 3156 1196 3206 et

190 3243 302 3305 invidia
323 3256 352 3304 et
374 3245 445 3306 odio
471 3245 575 3323 populi
598 3256 663 3306 tum
683 3247 781 3307 Galba
805 3258 995 3325 premeretur,
1020 3246 1102 3306 hisce
1125 3265 1195 3306 eum
1208 3263 1242 3313 30

189 3342 349 3420 tragoediis
378 3343 535 3404 liberatum
563 3344 695 3418 ferebat3
725 3345 808 3422 quod
835 3344 908 3405 item
935 3345 1017 3421 apud
1046 3346 1194 3406 Catonem

189 3440 333 3518 scriptum
347 3461 413 3501 esse
423 3440 520 3514 video,
536 3439 593 3501 nisi
608 3441 707 3518 pueris
721 3453 751 3502 et
765 3441 893 3502 lacrimis
902 3462 973 3502 usus
985 3452 1070 3514 esset,
1081 3460 1195 3519 poenas

189 3559 259 3599 eum
284 3540 423 3599 daturum
445 3537 543 3599 luisse.
588 3541 676 3600 Haec
699 3538 829 3600 Rutilius
850 3541 938 3600 valde
957 3538 1143 3616 vituperabat
1164 3550 1195 3598 et

190 3636 260 3697 huic
281 3635 441 3697 humilitati
461 3635 582 3697 dicebat
595 3637 643 3696 vel
657 3636 793 3697 exsilium
807 3636 898 3698 luisse
911 3638 959 3697 vel
973 3647 1101 3697 mortem
1114 3646 1196 3697 ante·
