2648 4216
467 257 526 316 DE
547 255 753 318 ORATORE
793 269 810 320 1
1148 271 1193 331 49
1206 279 1251 329 ²15

133 421 276 501 egregius,
304 423 386 485 illam
414 424 567 486 scientiam
597 423 717 485 dicendi
744 423 832 502 copia
859 436 904 485 est
939 435 1137 484 consecutus:

133 521 261 579 multum
289 519 366 580 inter
393 540 426 581 se
453 520 564 581 distant
597 519 672 580 istae
699 522 854 581 facultates
885 522 1034 597 longeque
1069 531 1138 581 sunt

133 615 267 677 diversae
300 629 391 694 atque
426 617 577 677 seiunctae
612 637 711 695 neque
744 619 851 678 eadem
885 617 1001 678 ratione
1028 638 1064 678 ac
1091 617 1139 677 via

134 715 178 773 M.
195 715 281 788 cato,
297 718 329 775 P.
346 714 512 788 Africanus,
529 716 567 790 Q.
585 716 734 787 Metellus,
758 716 792 776 C.
810 714 938 788 laelius,
959 715 1011 792 qui
1032 735 1138 776 omnes

103 811 308 888 5eloquentes
330 813 458 885 fuerunt,
473 811 639 872 orationem
661 831 747 871 suam
769 822 799 871 et
822 811 864 871 rei
886 811 1024 888 publicae
1046 811 1139 888 digni·

132 917 225 966 tatem
238 907 429 967 exornabant
473 909 581 985 Neque
592 907 672 967 enim
687 919 732 967 est
746 907 936 968 interdictum
946 919 998 968 aut
1012 928 1138 968 ererum
1151 921 1195 980 50

132 1014 238 1063 natura
251 1014 302 1064 aut
316 1023 334 1064 a
356 1005 422 1080 lege
443 1004 543 1082 aliqua
561 1016 652 1082 atque
671 1024 763 1078 more,
778 1016 811 1064 ut
828 1004 950 1081 singulis
965 1003 1138 1064 hominibus

133 1119 172 1159 ne
186 1099 313 1176 amplius
327 1118 419 1177 quam
442 1101 573 1178 singulas
595 1101 665 1161 artis
688 1120 778 1162 nosse
796 1100 891 1160 liceat.
936 1101 1006 1175 Qua
1020 1119 1051 1160 re
1064 1119 1136 1172 non,
1153 1109 1200 1160 216

131 1195 157 1255 si
171 1197 433 1274 eloquentissimus
454 1198 581 1258 Athenis
603 1197 731 1258 Pericles
752 1197 893 1275 idemque
914 1195 945 1256 in
965 1216 1001 1256 ea
1019 1196 1138 1257 civitate

87 1313 118 1349 ro
130 1292 275 1369 plurimos
288 1313 384 1355 annos
398 1294 536 1372 princeps
550 1294 656 1355 consili
669 1293 783 1372 publici
796 1294 859 1368 fuit,
875 1294 987 1355 idcirco
1002 1293 1136 1355 eiusdem

131 1389 262 1450 hominis
275 1401 367 1468 atque
380 1391 450 1451 artis
470 1403 596 1469 utraque
613 1393 736 1452 facultas
751 1391 948 1452 existimanda
961 1402 1014 1464 est,
1030 1411 1095 1465 nec,
1111 1389 1136 1451 si

131 1487 163 1545 P.
189 1488 313 1548 Crassus
336 1487 417 1548 idem
441 1487 496 1548 fuit
523 1490 668 1566 eloquens
695 1498 726 1548 et
752 1487 823 1548 iuris
851 1488 971 1565 peritus,
999 1488 1042 1549 ob
1068 1508 1136 1549 earn

130 1603 251 1644 causam
266 1584 344 1646 inest
357 1584 389 1645 in
403 1587 543 1646 facultate
557 1584 679 1646 dicendi
693 1584 763 1646 iuris
777 1585 871 1645 civilis
885 1585 1017 1646 scientia.
1055 1587 1136 1646 Nam
1151 1603 1199 1659 ²¹⁷

130 1680 156 1741 si
177 1692 210 1741 ut
232 1681 360 1760 quisque
381 1681 413 1742 in
434 1682 535 1760 aliqua
555 1694 619 1743 arte
645 1693 676 1742 et
702 1684 843 1743 facultate
871 1685 1019 1743 excellens
1045 1684 1135 1744 aliam

83 1800 114 1852 15
129 1796 251 1856 quoque
271 1790 366 1840 artem
387 1779 444 1839 sibi
464 1779 671 1857 adsumpserit,
691 1778 716 1839 is
735 1779 868 1857 perficiet
889 1791 931 1853 ut,
949 1782 1034 1857 quod
1054 1800 1136 1858 prae

129 1886 210 1936 terea
237 1877 319 1950 sciet,
343 1876 377 1937 id
404 1876 477 1950 eius,
505 1877 537 1937 in
564 1897 626 1956 quo
650 1878 782 1950 excellet,
807 1897 876 1955 pars
898 1879 1047 1955 quaedam
1069 1897 1135 1938 esse

128 1974 271 2049 videatur,
287 1975 357 2037 licet
377 1975 433 2037 ista
454 1976 568 2037 ratione
588 1977 724 2038 dicamus
745 1977 806 2055 pila
826 1977 904 2037 bene
926 1987 956 2036 et
973 1977 1134 2038 duodecim

129 2073 245 2150 scriptis
258 2074 362 2134 ludere
374 2074 527 2152 proprium
538 2095 604 2135 esse
618 2073 688 2135 iuris
702 2074 805 2148 civilis,
816 2074 961 2153 quoniam
975 2086 1135 2152 utrumque

129 2189 233 2231 eorum
247 2173 280 2230 P.
295 2170 416 2231 Mucius
429 2171 543 2248 optime
557 2171 677 2245 fecerit;
690 2173 858 2249 eademque
869 2171 983 2232 ratione
998 2171 1135 2232 dicantur

83 2288 115 2324 πο
129 2266 156 2326 ei
176 2287 252 2345 quos
274 2267 413 2344 φυσικούς
431 2267 539 2328 Graeci
557 2268 715 2328 nominant
736 2268 836 2329 eidem
858 2280 974 2345 poetae,
990 2268 1134 2346 quoniam

129 2365 330 2441 Empedocles
344 2365 485 2443 physicus
507 2365 658 2442 egregium
680 2384 790 2442 poema
808 2364 918 2425 fecerit.
962 2368 1003 2424 At
1017 2367 1076 2426 hoc
1095 2385 1134 2426 ne

127 2460 299 2539 philosophi
324 2462 448 2540 quidem
472 2461 538 2539 ipsi,
553 2460 606 2540 qui
627 2461 730 2523 omnia
752 2460 828 2521 sieut
850 2460 969 2539 propria
993 2481 1047 2521 sua
1068 2481 1133 2522 esse

126 2569 249 2635 atquea
267 2579 301 2620 se
319 2559 466 2636 possideri
479 2562 592 2633 volunt,
607 2559 708 2619 dicere
729 2561 850 2633 audent,
866 2559 1060 2637 geometriam
1081 2571 1133 2621 aut

127 2656 273 2717 musicam
295 2657 468 2736 philosophi
495 2677 569 2731 esse,
598 2658 669 2735 quia
697 2659 854 2717 Platonem
883 2677 989 2718 omnes
1016 2657 1048 2717 in
1076 2657 1133 2718 illis

81 2777 111 2827 :5
126 2752 239 2814 artibus
253 2755 539 2831 praestantissimum
553 2755 644 2816 fuisse
663 2757 817 2815 fateantur.
861 2759 908 2816 Ac
922 2755 946 2816 si
961 2756 1020 2816 iam
1035 2757 1133 2833 placet
1148 2763 1195 2811 218

126 2851 225 2911 omnis
252 2852 322 2913 artis
346 2853 455 2913 oratori
478 2852 665 2930 subiungere,
689 2853 872 2914 tolerabilius
894 2865 939 2914 est
962 2853 1005 2914 sic
1032 2853 1132 2931 potius

127 2946 234 3021 dicere,
249 2960 291 3022 ut,
307 2949 451 3027 quoniam
473 2951 595 3012 dicendi
608 2953 732 3011 facultas
746 2972 809 3013 non
828 2951 937 3012 debeat
954 2972 1019 3012 esse
1033 2951 1132 3012 ieiuna

125 3056 217 3122 atque
240 3048 330 3120 nuda,
356 3050 412 3109 sed
430 3068 551 3126 aspersa
573 3060 665 3126 atque
686 3049 827 3110 distincta
848 3050 1009 3109 multarum
1032 3070 1131 3110 rerum

126 3141 257 3203 iucunda
276 3146 407 3222 quadam
429 3146 578 3219 varietate,
594 3146 632 3207 sit
652 3147 726 3207 boni
748 3147 872 3207 oratoris
894 3148 989 3208 multa
1009 3146 1130 3209 auribus

78 3264 111 3314 30
124 3239 284 3316 accepisse,
301 3243 394 3301 multa
412 3242 531 3315 vidisse,
546 3245 641 3304 multa
660 3243 762 3304 animo
783 3255 813 3304 et
832 3243 1021 3320 cogitatione,
1036 3246 1131 3304 multa

124 3334 215 3395 etiam
229 3338 357 3414 legendo
371 3339 595 3416 percucurrisse,
611 3360 710 3417 neque
728 3360 764 3400 ea
778 3351 811 3400 ut
825 3361 879 3400 sua
892 3341 1062 3418 possedisse
1076 3343 1131 3402 sed

159 3505 171 3539 1
193 3491 262 3541 illam
289 3493 438 3544 Manutius:
466 3495 576 3557 aliquam
605 3495 688 3546 codd:
716 3496 826 3545 alienam
856 3497 1026 3558 Wytfenbaclt:
1054 3497 1129 3546 aliam

123 3554 234 3606 Stroebel
275 3560 584 3622 scientia...copiamL
657 3563 713 3620 osi
725 3561 883 3611 Lambinus:
901 3564 949 3612 etsi
961 3562 1029 3612 codd.
1100 3578 1129 3623 14

123 3622 152 3735 {it
158 3630 196 3750 hir
197 3639 308 3738 231:erss
317 3624 496 3688 Naegelsbach:
515 3627 537 3675 si
548 3626 657 3688 quisque
669 3634 698 3675 ut
708 3626 777 3676 codd.
881 3645 915 3677 ao
933 3628 956 3678 ei
969 3643 1034 3690 quos
1045 3626 1130 3676 Bake:
