2648 4216
454 275 512 334 DE
533 273 741 336 ORATORE
783 275 817 335 11
1152 287 1255 358 57133

134 440 202 520 quis
216 440 297 502 enim
311 461 378 501 sese
391 460 582 502 commovere
593 451 700 518 potest,
711 440 797 501 cuius
808 440 858 502 ille
866 441 937 502 vitia
947 462 1009 504 non
1018 440 1141 504 videat?

134 539 184 600 Sic
205 559 261 617 ego
282 558 372 612 nunc,
388 538 498 600 Crasso
518 537 671 611 audiente,
690 537 819 615 primum
840 540 946 616 loquar
967 541 1006 600 de
1027 538 1141 600 facetiis

134 647 165 698 et
183 637 303 697 docebo
321 655 383 710 sus,
398 646 431 696 ut
449 635 541 709 aiunt,
557 647 706 696 oratorem
725 656 806 710 eum,
819 655 911 714 quem
930 656 1000 697 cum
1015 638 1141 700 Catulus

133 753 230 811 nuper
253 733 396 808 audisset,
418 735 539 793 faenum
563 733 638 793 alios
658 733 758 794 aiebat
776 753 842 795 esse
861 737 1016 812 oportere!
1060 737 1140 794 Tum
1157 755 1206 808 2³4

105 830 184 901 sille
209 831 394 892 ‘iocabatur'
417 830 515 909 inquit
540 831 690 905 ‘Catulus
711 831 884 908 praesertim
905 852 974 892 curn
997 831 1039 892 ita
1061 832 1141 893 dicat

134 928 210 1006 ipse,
223 939 257 989 ut
270 927 422 989 ambrosia
434 930 560 989 alendus
575 947 641 988 esse
654 927 797 988 videatur.
841 931 954 988 Vemm
969 939 1006 1002 te,
1020 930 1138 1003 Caesar,

134 1026 303 1101 audiamus,
313 1037 347 1087 ut
360 1025 476 1087 Antoni
497 1025 611 1104 reliqua
624 1025 798 1086 videamus!
841 1028 880 1086 Et
895 1026 1045 1086 Antonius
1062 1031 1141 1105 ‘per-

134 1143 231 1200 pauca
244 1123 368 1202 quidem
383 1123 457 1183 mihi
471 1124 602 1196 restant,'
616 1122 715 1200 inquit
729 1125 801 1184 ‘sed
816 1134 917 1183 tamen
931 1124 1066 1183 defessus
1080 1123 1141 1184 iam

134 1222 237 1282 labore
250 1233 341 1299 atque
357 1221 462 1281 itinere
479 1220 690 1299 disputationis
710 1239 796 1281 meae
815 1220 1000 1298 requiescam
1021 1220 1052 1280 in
1067 1223 1141 1283 Cae·

91 1338 123 1376 10
134 1318 207 1378 saris
231 1338 369 1378 sermone
397 1317 482 1395 quasi
510 1317 542 1378 in
568 1317 672 1396 aliquo
699 1331 925 1396 peropportuno
953 1318 1139 1379 deversorio!

133 1418 142 1448 ‘
151 1415 262 1492 Atqui'
276 1415 374 1492 inquit
394 1414 489 1475 Iulius
503 1419 584 1475 ‘non
604 1415 694 1475 nimis
713 1415 835 1476 liberale
854 1415 1018 1493 hospitium
1037 1436 1139 1476 meum
1153 1410 1193 1485 58

132 1511 216 1572 dices
225 1534 234 1587 3
255 1532 325 1572 nam
343 1523 373 1572 te
390 1511 421 1571 in
440 1511 530 1587 viam,
545 1512 634 1572 simul
655 1531 691 1572 ac
704 1515 880 1590 perpaulum
895 1513 1031 1592 gustans,
1044 1524 1139 1574 extru-

132 1611 203 1670 dam
221 1621 251 1670 et
267 1609 391 1670 eiciam)

172 1710 219 1768 Ac
240 1727 279 1768 ne
301 1706 413 1768 diutius
435 1727 488 1768 vos
512 1709 659 1781 demorer,
682 1709 723 1768 de
745 1707 829 1769 omni
853 1707 911 1769 isto
934 1729 1042 1787 genere
1066 1708 1140 1786 quid
1156 1732 1203 1783 ²35

89 1828 118 1877 ¹5
132 1805 259 1866 sentiam
273 1804 454 1883 perbreviter
472 1825 629 1882 exponam.
674 1808 723 1866 De
741 1804 801 1865 risu
821 1805 955 1882 quinque
969 1816 1047 1880 sunt,
1063 1826 1140 1883 quae

131 1914 328 1981 quaerantur:
349 1922 453 1975 unum,
479 1901 553 1980 quid
576 1903 614 1963 sit
625 1925 634 1978 3
662 1905 795 1977 alterum,
819 1905 901 1964 unde
925 1903 963 1963 sit
974 1925 983 1978 ;
1010 1903 1138 1977 tertium,

131 2000 209 2062 sitne
235 1999 359 2062 oratoris
391 2000 482 2060 risum
511 2003 588 2062 velle
620 2020 741 2062 movere
752 2023 762 2076 3
795 2013 942 2079 quartum,
972 2012 1140 2079 quatenus;

131 2098 278 2176 quintum,
301 2119 379 2177 quae
400 2097 459 2159 sint
482 2118 591 2176 genera
615 2098 739 2159 ridiculi.
783 2103 885 2178 Atque
905 2100 980 2161 illud
1000 2099 1138 2178 primum,

131 2198 205 2277 quid
220 2199 257 2259 sit
274 2199 338 2277 ipse
357 2198 440 2272 risus,
456 2217 518 2275 quo
537 2210 626 2276 pacto
647 2199 822 2271 concitetur,
837 2198 891 2259 ubi
909 2198 955 2272 sit,
971 2217 1032 2276 quo
1046 2200 1140 2259 modo

87 2323 120 2360 ao
132 2297 252 2358 exsistat
266 2308 356 2375 atque
372 2296 414 2356 ita
432 2306 554 2374 repente
573 2307 717 2374 erumpat,
734 2306 767 2356 ut
786 2316 855 2357 eum
870 2295 1024 2374 cupientes
1037 2306 1139 2357 tenere

132 2414 325 2474 nequeamus,
347 2404 378 2454 et
398 2412 460 2470 quo
481 2395 575 2454 modo
596 2392 685 2453 simul
709 2395 808 2466 latera,
835 2413 877 2466 os,
900 2413 998 2466 venas,
1024 2395 1138 2467 oculos,

130 2495 246 2554 vultum
256 2502 393 2570 occupet,
403 2491 509 2552 viderit
519 2492 711 2553 Democritus
716 2514 725 2566 ;
743 2512 842 2569 neque
852 2491 933 2553 enim
942 2493 981 2552 ad
990 2492 1071 2551 hunc
1082 2510 1140 2552 ser-

131 2611 254 2652 monem
273 2592 332 2651 hoc
350 2589 486 2668 pertinet,
502 2601 539 2662 et,
556 2589 581 2650 si
600 2590 767 2668 pertineret,
784 2589 899 2651 nescire
919 2609 968 2650 me
986 2600 1087 2650 tamen
1106 2588 1139 2650 id

131 2708 193 2749 non
208 2691 342 2767 puderet,
358 2690 441 2765 quod
460 2709 498 2748 ne
515 2687 558 2747 illi
577 2687 700 2766 quidem
718 2687 835 2761 scirent,
851 2686 903 2765 qui
919 2685 1136 2765 pollicerentur.

87 2807 117 2857 ²5
132 2789 231 2847 Locus
250 2798 351 2847 autem
368 2797 398 2846 et
415 2785 496 2864 regio
512 2785 598 2862 quasi
615 2785 843 2846 ridiculi—nam
859 2784 890 2845 id
903 2784 1037 2862 proxime
1051 2804 1140 2862 quae·
1155 2794 1203 2858 236

130 2882 427 2960 ntur—turpitudine
441 2893 471 2943 et
489 2882 680 2944 deformitate
700 2885 832 2960 quadam
850 2881 1019 2943 continetur
1028 2903 1037 2956 ;
1064 2882 1139 2943 haec

131 2980 211 3042 enim
226 2980 360 3041 ridentur
369 2982 417 3040 vel
431 2981 495 3040 sola
508 2981 555 3040 vel
570 2980 707 3053 maxime,
723 3000 801 3058 quae
818 2990 924 3040 notant
938 2989 968 3040 ct
982 2977 1140 3056 designant

131 3079 346 3157 turpitudinem
361 3078 491 3155 aliquam
512 3099 574 3140 non
593 3080 725 3157 turpiter.
770 3082 825 3140 Est
838 3091 947 3152 autem,
964 3089 997 3139 ut
1010 3081 1049 3140 ad
1064 3078 1139 3140 illud

131 3177 249 3238 tertium
264 3175 390 3248 veniam,
407 3186 452 3236 est
470 3179 559 3254 plane
580 3177 704 3238 oratoris
723 3198 843 3238 movere
857 3176 967 3251 risum;
994 3179 1041 3238 vel
1055 3180 1139 3255 quod

87 3299 119 3349 30
131 3273 196 3353 ipsa
216 3274 346 3335 hilaritas
366 3274 607 3337 benevolentiam
629 3275 769 3337 conciliat
785 3274 822 3349 ei,
837 3295 891 3353 per
907 3294 998 3352 quem
1013 3274 1140 3336 excitata

163 3426 324 3477 M=AEH
420 3428 710 3490 3suisM12ivisM:
730 3429 829 3479 ususO
895 3447 911 3491 4
929 3428 1033 3478 faenum
1044 3445 1095 3478 om.
1109 3427 1143 3476 M

132 3494 307 3556 (xxvsmlin.
321 3501 358 3556 sp.
372 3511 423 3544 vac.
438 3494 508 3555 ΑΗ)
609 3513 638 3545 se
649 3495 717 3545 HE:
736 3493 985 3558 es(sub11'n.)seA
1082 3499 1142 3558 post

130 3567 252 3621 oportere
263 3558 317 3607 ΑΕ
326 3560 448 3622 deficiunt.
485 3561 564 3608 Illum
585 3561 662 3609 altera
681 3577 775 3609 manus
791 3560 993 3622 vetussupplevit
1074 3575 1088 3621 7
1106 3561 1139 3608 ad

130 3624 618 3739 Aii⁰nire¹iq1i¹iffledeii¹u⁸ii=uoed
635 3691 666 3739 ’ἢ
683 3642 713 3674 12
729 3625 911 3690 perpaululum
931 3625 954 3672 L
973 3623 1040 3738 {ruffi
1110 3640 1139 3686 η

130 3704 313 3804 XgmqorrlqpcmM
365 3728 370 3739 .
396 3706 650 3820 uggealsirlthqqlgrc
760 3707 794 3741 ao
811 3700 972 3741 teneamuse
1107 3704 1139 3738 aa
