2648 4216
80 302 177 364 μω
472 287 515 346 Μ.
538 287 666 346 ‘rvmr
689 285 920 348 &canorus

134 469 180 534 ψ
195 452 285 515 etiam
307 453 374 528 illis,
390 473 465 533 quas
483 453 591 515 iterum
610 453 725 532 legibus
746 456 821 516 serre
841 455 1016 533 debebant3
1036 467 1098 518 erat
1119 455 1201 517 enim

195 551 323 612 Athenis
333 571 385 613 reo
395 553 547 626 damnato,
558 551 583 612 si
591 554 670 614 fraus
680 551 813 630 capitalis
822 572 884 614 non
893 564 979 628 esset,
990 553 1075 633 quasi
1084 573 1201 631 poenae

195 647 362 710 aestimatio
372 671 381 724 3
391 660 421 710 et
430 649 577 710 sententia
588 670 658 711 cum
668 649 818 711 iudicibus
829 652 956 725 daretur,
966 650 1201 728 interrogabatur

195 766 271 820 reus,
294 767 385 824 quam
400 744 498 829 [quasi
518 745 770 829 aestimationem]
786 748 999 809 commeruisse
1019 769 1051 809 se
1072 748 1201 808 maxime

196 845 392 906 confiteretur.
451 846 544 922 Quod
567 865 636 906 cum
659 845 855 922 interrogatus
883 848 1019 906 Socrates
1047 857 1133 919 esset,
1159 866 1229 915 re-5

195 941 316 1020 spondit
330 962 396 1003 sese
410 941 553 1003 meruisse
567 953 600 1004 ut
613 942 804 1021 amplissimis
825 944 991 1005 honoribus
1011 956 1042 1004 et
1062 944 1201 1023 praemiis

195 1040 383 1101 decoraretur
403 1050 433 1100 et
454 1051 487 1100 ut
504 1039 532 1100 ei
552 1040 648 1102 victus
671 1041 839 1102 cotidianus
858 1041 890 1101 in
909 1045 1056 1120 Prytaneo
1080 1041 1201 1119 publice

194 1138 392 1215 praeberetur,
417 1137 470 1216 qui
494 1139 592 1199 honos
619 1141 702 1216 apud
730 1141 862 1200 Graecos
889 1138 1036 1200 maximus
1064 1139 1198 1199 habetur.

133 1250 181 1299 ²33
195 1234 289 1298 Cuius
310 1254 454 1313 responso
474 1234 589 1296 iudices
610 1235 654 1297 sic
674 1248 853 1310 exarserunt,
869 1247 902 1295 ut
921 1235 1025 1314 capitis
1045 1235 1200 1296 hominem

195 1330 474 1393 innocentissimum
500 1335 736 1394 condemnarent
748 1355 758 1408 3
777 1333 829 1411 qui
854 1332 977 1410 quidem
999 1332 1024 1393 si
1046 1332 1201 1393 absolutus
1217 1352 1247 1387 ro

195 1438 281 1502 esset,
296 1429 380 1506 quod
394 1448 443 1489 me
457 1430 586 1503 hercule,
596 1429 685 1490 etiam
701 1429 725 1490 si
740 1429 814 1490 nihil
828 1431 867 1490 ad
882 1450 938 1491 nos
952 1429 1087 1508 pertinet,
1099 1440 1202 1489 tamen

195 1538 315 1604 propter
335 1525 399 1587 eius
423 1525 525 1603 ingeni
548 1527 786 1604 magnitudinem
809 1529 927 1600 vellem,
952 1547 1085 1605 quonam
1107 1528 1202 1586 modo

195 1621 268 1683 istos
282 1622 478 1700 philosophos
492 1625 568 1684 ferre
581 1644 747 1702 possemus,
763 1622 816 1702 qui
830 1643 920 1697 nunc,
932 1643 1003 1684 cum
1017 1623 1067 1683 ille
1080 1625 1203 1684 damna-

195 1731 243 1781 tus
267 1730 312 1781 est
336 1722 449 1780 nullam
472 1720 562 1780 aliam
584 1721 626 1781 ob
648 1723 769 1798 culpam
793 1719 851 1781 nisi
874 1732 996 1799 propter
1017 1719 1140 1781 dicendi
1160 1719 1203 1779 in·

195 1815 360 1890 scientiam,
372 1828 502 1877 tamena
517 1837 550 1878 se
560 1829 698 1896 oportere
706 1817 812 1878 dicunt
822 1816 884 1895 peti
892 1829 1051 1896 praecepta
1059 1817 1203 1879 dicendi?
1219 1841 1228 1876 ι
1233 1841 1248 1890 5

196 1915 386 1993 Quibuscum
410 1936 467 1995 ego
486 1936 548 1978 non
572 1935 684 1994 pugno,
706 1927 807 1976 utrum
827 1915 865 1977 sit
886 1915 993 1976 melius
1013 1926 1066 1976 aut
1086 1914 1201 1976 verius:

195 2024 312 2074 tantum
336 2014 406 2076 dieo
428 2026 458 2076 et
477 2015 560 2076 aliud
581 2013 657 2075 illud
677 2033 743 2074 esse
758 2024 850 2091 atque
866 2014 926 2074 hoc
942 2023 973 2074 et
991 2013 1051 2074 hoc
1064 2012 1130 2074 sine
1150 2013 1202 2074 illo

194 2123 347 2173 summum
361 2132 426 2173 esse
440 2132 536 2191 posse.

132 2177 172 2305 {⁵
237 2210 316 2270 Nam
335 2211 419 2288 quod
438 2209 484 2271 ius
506 2209 601 2283 civile,
620 2209 737 2283 Crasse,
757 2219 820 2270 tam
836 2211 1030 2270 vehementer
1047 2212 1202 2288 amplexus

152 2270 182 2318 34
195 2326 237 2380 es,
251 2307 341 2383 video
355 2305 429 2385 quid
443 2306 558 2385 egeris;
577 2317 652 2380 turn,
666 2326 737 2367 cum
751 2306 883 2380 dicebas,
898 2305 1059 2381 videbam3
1072 2306 1202 2384 primum
1218 2331 1249 2366 20

196 2406 356 2464 Scaevolae
379 2415 410 2465 te
433 2403 551 2478 dedisti,
573 2423 665 2483 quem
687 2424 794 2465 omnes
816 2423 917 2464 amare
936 2403 1125 2465 meritissimo
1146 2424 1202 2482 pro

196 2499 260 2561 eius
274 2500 381 2561 eximia
395 2501 539 2562 suavitate
560 2502 707 2561 debemus
719 2522 729 2575 ;
742 2499 828 2561 cuius
840 2511 936 2561 artem
950 2520 1020 2560 cum
1034 2499 1200 2560 indotatam

196 2618 262 2659 esse
275 2608 305 2658 et
319 2597 503 2676 incomptam
517 2597 642 2672 videres,
657 2598 817 2659 verbomm
832 2617 899 2657 eam
920 2597 993 2657 dote
1013 2595 1202 2674 locupletasti

196 2707 226 2758 et
248 2696 378 2772 omasti,·
398 2696 509 2757 deinde
530 2698 615 2774 quod
638 2695 670 2756 in
693 2712 729 2756 ea
751 2705 784 2756 tu
808 2695 877 2773 plus
900 2714 1010 2772 operae
1031 2693 1202 2772 laborisque

196 2814 432 2871 consumpseras,
455 2814 525 2854 cum
546 2793 610 2854 eius
631 2791 712 2853 studi
734 2791 789 2852 tibi
809 2804 840 2852 et
860 2793 994 2852 hortator
1014 2800 1044 2851 et
1063 2789 1202 2868 magister
1217 2817 1247 2867 ²5

196 2902 274 2951 esset
282 2891 374 2963 dorni,
384 2890 493 2951 veritus
502 2911 543 2961 es,
555 2890 613 2951 nisi
627 2890 714 2950 istam
728 2900 823 2950 artem
837 2888 973 2951 oratione
986 2908 1200 2966 exaggerasses,

135 3011 181 3060 ²³5
196 3008 235 3047 ne
249 3007 371 3065 operam
385 2987 573 3066 perdidisses.
616 2988 678 3048 Sed
692 3006 749 3064 ego
766 3007 805 3048 ne
826 3006 896 3047 cum
917 2985 974 3046 ista
994 2985 1117 3063 quidem
1138 2997 1202 3046 arte

196 3105 305 3164 pugno.
349 3085 393 3145 Sit
411 3105 484 3146 sane
504 3096 587 3146 tanta
600 3097 744 3164 quantam
765 3095 798 3145 tu
818 3083 900 3144 illam
921 3104 987 3145 esse
1003 3082 1202 3144 vis-etenim

196 3182 261 3243 sine
285 3182 485 3244 controversia
506 3193 536 3244 et
554 3203 663 3260 magna
684 3194 730 3244 est
746 3194 777 3243 et
796 3183 855 3242 late
873 3194 956 3260 patet
977 3191 1008 3242 et
1029 3182 1070 3242 ad
1091 3184 1202 3242 multos

196 3280 323 3359 pertinet
336 3294 366 3342 et
380 3301 499 3342 summo
518 3280 549 3340 in
570 3283 685 3342 honore
705 3300 823 3359 semper
841 3279 897 3340 suit
910 3290 941 3340 et
954 3277 1108 3340 clarissimi
1122 3277 1202 3339 cives
1216 3303 1248 3353 30

197 3378 225 3440 ei
239 3378 338 3439 studio
355 3378 445 3440 etiam
462 3378 554 3440 hodie
570 3379 807 3458 praesunt-sed
829 3377 906 3451 vide,
929 3376 1045 3449 Crasse,
1067 3395 1107 3436 ne
1127 3377 1202 3436 dum

230 3551 245 3596 4
262 3536 335 3598 quasi
352 3535 554 3584 aestimationem
571 3532 704 3583 damnavit
719 3532 790 3582 Bake
920 3535 937 3581 8
954 3532 1094 3580 haberetur
1115 3529 1202 3579 motat:

197 3602 305 3717 lippiam
325 3600 429 3650 Ernesti
525 3616 557 3648 aa
574 3606 602 3648 et
618 3600 792 3650 incomitatam
814 3606 841 3647 et
863 3597 1015 3660 incomptam
1037 3595 1124 3645 coda:
1140 3610 1200 3644 mm
