2648 4216
116 247 186 320 624
477 245 521 308 M.
544 244 673 306 avum
695 243 928 309 ercuaours

199 409 334 478 oratione
358 430 427 474 mea
453 412 521 490 plus
548 430 640 488 quam
668 407 742 470 mihi
766 408 949 488 imponitur,
978 421 1095 472 tantum
1118 410 1210 490 signi·

200 508 299 576 ficabo
319 506 402 570 brevi
422 527 522 586 neque
542 507 701 568 verborum
723 517 861 568 omatum
881 505 1007 568 inveniri
1031 528 1120 588 posse
1143 529 1209 571 non

201 604 292 683 partis
307 603 512 683 expressisque
533 603 699 678 sententiis,
712 623 812 682 neque
831 623 897 665 esse
913 606 1005 666 ullam
1026 604 1210 666 sententiam

158 729 187 780 25
202 702 356 771 inlustrem
375 701 440 762 sine
457 704 524 762 luce
543 701 710 763 verborum.
754 702 815 762 Sed
833 699 1023 780 priusquam
1045 703 1095 763 illa
1113 723 1212 764 conor

201 800 355 879 attingere,
368 800 479 878 quibus
493 800 660 861 orationem
679 800 777 861 ornari
795 811 886 909 atque
902 799 1073 863 inluminari
1093 813 1210 880 putem,
1225 819 1240 868 ⁵

201 918 368 976 proponam
379 896 507 959 breviter
520 896 595 975 quid
609 896 736 958 sentiam
751 899 790 959 de
804 897 943 959 universo
953 919 1062 977 genere
1076 899 1210 962 dicendi.

168 999 188 1084 7
243 997 357 1056 Natura
370 997 453 1055 nulla
466 1005 522 1070 est,
536 1005 570 1054 ut
584 993 658 1054 mihi
672 993 800 1069 videtur,
813 1015 891 1073 quae
905 1016 969 1056 non
982 996 1113 1057 habeat'
1105 1017 1138 1057 in
1152 1016 1212 1057 suo

201 1115 309 1174 genere
328 1113 374 1156 res
393 1093 555 1171 compluris
578 1092 729 1156 dissimilis
752 1093 828 1155 inter
850 1114 891 1167 se,
912 1114 991 1173 quae
1015 1106 1116 1155 tamen
1139 1114 1212 1154 con·

202 1192 292 1255 simili
312 1194 402 1254 laude
422 1192 600 1270 dignentur;
622 1212 692 1253 nam
714 1201 744 1253 et
764 1192 887 1254 auribus
906 1195 1000 1252 multa
1016 1191 1210 1271 percipimus,

203 1310 281 1370 quae
313 1289 369 1350 etsi
399 1309 455 1351 nos
485 1289 610 1350 vocibus
638 1291 799 1365 delectant,
827 1301 929 1350 tamen
959 1289 1000 1349 ita
1032 1300 1102 1350 sunt
1129 1287 1212 1349 varia
1228 1313 1258 1349 10

203 1407 303 1465 saepe,
325 1398 359 1450 ut
377 1386 420 1463 id,
441 1389 526 1466 quod
545 1386 714 1466 proximum
735 1387 848 1462 audias,
871 1386 1122 1448 iucundissimum
1143 1406 1212 1447 esse

203 1486 356 1561 videatur;
383 1496 413 1547 et
433 1485 527 1546 oculis
548 1485 739 1563 conliguntur
757 1505 854 1563 paene
874 1484 1107 1545 innumerabiles
1128 1485 1213 1544 volu-

204 1594 310 1662 ptates,
328 1603 407 1662 quae
428 1603 485 1644 nos
502 1583 543 1645 ita
561 1582 692 1660 capiunt,
708 1594 742 1644 ut
762 1602 858 1644 unum
879 1602 1001 1644 sensum
1020 1584 1052 1643 in
1073 1580 1213 1642 dissimili

166 1712 170 1723 =
205 1701 313 1760 genere
337 1683 506 1756 delectent;
535 1690 565 1742 et
588 1679 718 1759 reliquos
740 1699 846 1742 sensus
868 1683 1037 1758 voluptates
1057 1679 1213 1740 oblectant

206 1780 349 1858 dispares,
368 1790 402 1840 ut
421 1778 459 1839 sit
479 1777 600 1839 difficile
616 1777 761 1840 iudicium
780 1777 951 1839 excellentis
972 1777 1101 1838 maxime
1117 1776 1214 1837 suavi·
1230 1801 1238 1836 r
1244 1801 1258 1850 5

163 1889 193 1940 26
207 1877 283 1940 tatis.
327 1879 429 1954 Atque
451 1877 510 1936 hoc
531 1875 624 1950 idem,
638 1876 722 1954 quod
744 1886 790 1938 est
808 1874 840 1937 in
862 1873 974 1935 naturis
991 1895 1098 1948 rerum,
1121 1884 1214 1934 trans-

206 1973 274 2036 ferri
295 1984 394 2051 potest
416 1972 506 2033 etiarn
530 1973 570 2033 ad
591 1972 662 2032 artis
673 1994 683 2047 ;
711 1992 773 2033 una
793 1971 925 2049 fingendi
949 1982 994 2033 est
1015 1991 1070 2046 ars,
1097 1970 1128 2031 in
1152 1990 1215 2048 qua

207 2081 391 2151 praestantes
411 2071 531 2131 fuerunt
553 2071 652 2146 Myr0,
671 2068 842 2147 Polyclitus,
859 2068 1016 2147 Lysippus,
1033 2067 1085 2147 qui
1106 2087 1214 2129 omnes

207 2169 284 2234 inter
304 2187 337 2229 se
357 2166 516 2229 dissimiles
536 2169 664 2241 fuerunt,
679 2168 735 2228 sed
753 2166 794 2227 ita
813 2178 922 2240 tamen,
943 2177 976 2227 ut
997 2166 1150 2228 neminem
1168 2164 1214 2227 sui

207 2267 281 2328 velis
303 2285 369 2328 esse
390 2264 584 2341 dissimilem;
614 2286 675 2326 una
699 2276 745 2327 est
767 2285 814 2326 ars
836 2265 972 2344 ratioque
992 2264 1134 2344 picturae,
1156 2263 1215 2325 dis·
1230 2279 1261 2314 ²0

170 2401 175 2406 -
208 2362 411 2442 simillimique
437 2374 538 2423 tamen
566 2362 643 2423 inter
666 2383 699 2424 se
726 2361 840 2434 Zeuxis,
867 2364 1058 2441 Aglaophon,
1082 2362 1213 2440 Apelles,

208 2480 309 2540 neque
329 2479 434 2523 eorum
453 2459 614 2539 quisquam
631 2470 686 2535 est,
705 2459 754 2520 cui
773 2459 934 2538 quicquam
956 2459 987 2519 in
1008 2471 1070 2520 arte
1090 2479 1145 2519 sua
1166 2460 1216 2520 de

209 2579 275 2620 esse
296 2558 438 2618 videatur.
491 2559 531 2617 Et
554 2556 579 2617 si
601 2556 714 2618 hocin
738 2556 785 2617 his
808 2557 894 2635 quasi
919 2556 1008 2618 mutis
1033 2556 1145 2618 artibus
1170 2566 1216 2617 est

210 2656 380 2717 mirandum
394 2665 424 2715 et
439 2666 539 2715 tamen
554 2674 666 2728 verum,
682 2664 796 2733 quanto
815 2653 1019 2716 admirabilius
1034 2654 1066 2714 in
1081 2652 1216 2714 oratione

210 2767 301 2833 atque
315 2753 346 2815 in
360 2753 483 2831 lingua?
524 2754 611 2829 Quae
630 2772 700 2813 curn
714 2751 747 2812 in
760 2751 874 2813 eisdem
889 2752 1043 2813 sententiis
1057 2750 1217 2828 verbisque
1233 2763 1264 2814 2⁵

211 2862 353 2926 versetur,
374 2870 506 2911 summas
531 2850 622 2911 habet
643 2848 919 2925 dissimilitudines;
947 2870 1011 2911 non
1035 2848 1085 2923 sic,
1111 2859 1144 2910 ut
1166 2847 1217 2908 alii

212 2948 400 3030 vituperandi
414 2947 481 3021 sint,
497 2949 552 3009 sed
571 2959 604 3008 ut
623 2946 659 3021 ei,
675 2967 752 3026 quos
773 2959 890 3009 constet
910 2968 975 3010 esse
992 2948 1171 3021 laudandos,
1185 2945 1217 3006 in

170 3064 199 3117 27
214 3047 324 3124 dispari
352 3059 454 3108 tamen
480 3066 589 3124 genere
615 3047 781 3108 laudentur.
838 3049 940 3125 Atque
968 3046 1000 3108 id
1028 3045 1157 3123 primum
1186 3042 1219 3105 in

213 3145 309 3223 poetis
324 3144 405 3206 cerni
423 3144 501 3219 licet,
516 3144 626 3223 quibus
641 3156 685 3207 est
699 3144 834 3224 proxima
852 3144 991 3223 cognatio
1010 3163 1080 3204 curn
1100 3140 1221 3202 oratori-

214 3242 290 3303 bus:
320 3263 412 3321 quam
435 3254 505 3305 sunt
532 3242 609 3305 inter
630 3264 697 3305 sese
725 3243 850 3316 Ennius,
875 3241 1022 3303 Pacuvius
1047 3239 1220 3316 Acciusque
1235 3252 1267 3301 30

215 3339 382 3416 dissimiles,
419 3361 509 3419 quam
546 3343 628 3421 apud
665 3343 796 3404 Graecos
832 3340 1008 3415 Aeschylus,
1042 3337 1220 3414 Sophocles,

249 3512 264 3559 3
282 3498 363 3558 partis
374 3496 530 3547 Lambr'nus:
550 3496 652 3559 partitis
663 3495 730 3546 codd.
838 3509 868 3542 10
885 3509 932 3542 nos
944 3492 1030 3541 omnia
1043 3490 1136 3539 maluit
1145 3484 1230 3551 Sorof

216 3562 351 3676 &tque
368 3561 526 3613 Lambinus:
544 3569 571 3612 at
582 3561 650 3612 codd.
757 3576 791 3622 30
807 3575 883 3623 quam
899 3564 961 3607 sunt
972 3557 1056 3607 Bake:
1077 3570 1153 3618 quam
1166 3555 1222 3604 sint
