2648 4216
457 264 515 323 nu
537 262 759 326 oRAronn.
783 265 819 324 11
864 318 867 322 .
1154 269 1254 344 672„

138 450 200 491 non
223 432 329 492 deceat
349 432 484 508 leporem
506 429 784 509 humanitatemque
804 430 920 492 versari.
964 433 1025 493 Sed
1049 433 1140 494 redeo
1156 451 1203 507 ψ

137 529 177 590 ad
191 539 296 589 cetera.
341 531 395 589 Est
409 527 480 588 huic
494 526 655 588 finitimum
674 527 912 603 dissimulationi,
929 549 998 590 cum
1013 531 1141 591 honesto

138 625 230 686 verbo
244 625 349 686 vitiosa
363 646 409 686 res
423 626 609 703 appellatur3
637 636 670 686 ut
684 646 754 686 cum
768 626 927 687 Africanus
942 647 1049 688 censor
1062 627 1141 688 tribu

138 723 278 784 movebat
306 743 377 784 eum
399 721 615 796 centurionem,
639 721 692 800 qui
716 722 747 783 in
773 722 858 783 Pauli
881 742 982 801 pugna
1004 745 1067 785 non
1091 726 1144 785 ad-

107 841 122 892 5
137 821 240 895 fuerat,
256 817 325 881 cum
340 821 390 882 ille
406 841 439 882 se
460 819 616 882 custodiae
630 840 720 881 causa
738 821 852 882 diceret
864 821 897 881 in
911 821 1014 882 castris
1029 843 1144 882 reman-

137 917 210 978 sisse
231 929 452 997 quaereretque,
469 938 521 978 cur
539 918 580 978 ab
598 937 636 979 eo
656 929 816 992 notaretur,
838 922 918 979 ‘non
936 921 1024 978 amo'
1044 918 1142 998 inquit

139 1015 282 1077 ‘nimium
306 1015 475 1094 diligentis.²
515 1019 649 1076 Acutum
670 1015 760 1077 etiam
781 1015 855 1077 illud
876 1027 929 1090 est,
956 1037 1025 1076 curn
1046 1037 1083 1076 ex
1102 1019 1143 1076 al-
1157 1032 1204 1086 2⁷³

136 1113 227 1175 terius
241 1114 376 1176 oratione
395 1114 478 1176 aliud
498 1113 628 1191 excipias
649 1125 740 1192 atque
760 1113 810 1174 ille
830 1116 894 1173 vult
905 1135 914 1189 ;
935 1125 968 1173 ut
985 1113 1143 1174 Salinatori

138 1212 299 1289 Maximus,
321 1233 391 1274 curn
419 1215 553 1273 Tarento
580 1211 691 1273 amisso
718 1232 817 1273 arcem
846 1223 947 1272 tamen
976 1211 1078 1272 Livius
1101 1232 1145 1273 re·

92 1309 274 1371 retinuisset
296 1314 450 1389 multaque
472 1331 509 1372 ex
535 1330 572 1371 ea
599 1310 713 1389 proelia
740 1312 891 1389 praeclara
916 1309 1044 1384 fecisset,
1072 1329 1143 1370 cum

135 1406 250 1485 aliquot
263 1419 333 1487 post
352 1407 440 1469 annis
459 1406 612 1468 Maximus
631 1407 663 1468 id
683 1407 830 1485 oppidum
844 1407 1005 1485 recepisset
1018 1418 1145 1484 rogaret-

63 1504 65 1507 ’
136 1524 196 1583 que
214 1526 285 1566 eum
304 1505 458 1579 Salinator,
481 1517 515 1566 ut
534 1504 719 1565 meminisset
739 1524 831 1581 opera
851 1524 906 1565 sua
926 1524 959 1564 se
979 1506 1143 1564 Tarentum

135 1603 291 1681 recepisse,
317 1602 458 1681 ‘quidni'
483 1601 581 1680 inquit
603 1601 830 1663 ‘meminerimi
864 1603 1039 1679 Numquam
1062 1601 1142 1661 enim

136 1699 324 1778 recepissem,
339 1699 397 1760 nisi
406 1710 438 1759 tu
452 1698 653 1777 perdidisses!
694 1702 770 1761 Sunt
785 1698 875 1760 etiam
885 1697 936 1758 illa
946 1699 1141 1774 subabsurda,
1158 1720 1206 1775 ²⁷4

94 1818 122 1869 ¹5
136 1797 191 1857 sed
205 1817 243 1857 eo
256 1796 323 1875 ipso
337 1796 462 1857 nomine
476 1817 566 1875 saepe
587 1797 720 1872 ridicula,
736 1816 799 1857 non
813 1797 911 1856 solum
926 1794 1026 1856 mimis
1041 1815 1143 1874 perap

136 1892 242 1971 posita,
258 1894 313 1954 sed
327 1893 418 1954 etiam
432 1896 566 1972 quodam
581 1895 674 1953 modo
689 1893 797 1954 nobis:

707 1994 799 2052 homo
821 1994 928 2067 fatuus,

216 2100 377 2168 postquam
398 2109 462 2150 rem
483 2088 594 2150 habere
616 2089 723 2167 coepit,
747 2099 792 2149 est
813 2101 974 2150 emortuus.

137 2188 176 2247 Et

92 2311 123 2346 πο
218 2284 292 2363 quid
306 2285 415 2346 esttibi
424 2284 480 2345 ista
490 2285 619 2346 mulier?
640 2286 732 2346 Uxor.
777 2283 887 2344 Similis
902 2284 1140 2347 mediusfidius.

136 2383 176 2443 Et
264 2457 265 2461 Ἰ

216 2481 362 2560 quamdiu
376 2484 415 2542 ad
432 2502 525 2560 aquas
540 2481 603 2556 suit,
620 2501 786 2560 numquam
801 2493 846 2542 est
860 2492 1020 2542 emortuus.

136 2580 240 2640 Genus
255 2580 314 2640 hoc
328 2578 422 2640 levius
437 2590 475 2654 et,
492 2589 525 2639 ut
539 2578 609 2654 dixi,
626 2577 790 2653 mimicum,
807 2580 861 2638 sed
875 2578 968 2639 habet
981 2598 1043 2638 non
1057 2598 1143 2638 num·
1156 2580 1199 2640 68

134 2696 226 2755 quam
240 2676 354 2754 aliquid
369 2676 459 2738 etiam
473 2678 555 2754 apud
573 2695 630 2736 nos
644 2675 712 2750 loci,
729 2687 762 2736 ut
780 2675 828 2735 vel
846 2694 909 2735 non
931 2677 1038 2736 stultus
1057 2674 1142 2753 quasi

92 2798 121 2847 2⁵
134 2776 225 2835 stulte
238 2795 308 2835 curn
323 2777 385 2836 sale
399 2773 480 2835 dicat
493 2773 625 2852 aliquid:
654 2785 688 2833 ut
705 2772 769 2847 tibi,
784 2771 908 2845 Antoni,
926 2771 1055 2845 Mancia,
1071 2793 1142 2832 cum

134 2871 266 2932 audisset
281 2882 311 2932 te
330 2891 487 2932 censorem
506 2890 525 2931 a
548 2872 591 2930 M.
609 2869 747 2931 Duronio
764 2870 804 2930 de
816 2869 933 2929 ambitu
947 2872 1139 2947 postulatum,

137 2969 334 3047 ‘aliquando'
348 2968 446 3048 inquit
458 2968 529 3029 ‘tibi
540 2980 627 3029 tuum
636 2967 790 3046 negotium
799 2988 886 3046 agere
895 2966 1016 3028 licebit?
1043 2968 1141 3029 Valde
1156 2986 1204 3043 ²7⁵

134 3068 209 3128 haec
223 3067 358 3127 ridentur
371 3076 401 3128 et
421 3068 544 3127 hercule
562 3066 672 3140 omnia,
689 3085 768 3143 quae
783 3085 803 3125 a
816 3065 1014 3143 prudentibus
1030 3062 1140 3146 [quasi]

134 3185 187 3242 per
211 3163 433 3225 simulationem
459 3162 533 3246 [non
561 3160 767 3245 intellegendi]
792 3164 979 3225 subabsurde
1003 3165 1140 3241 salseque

90 3287 121 3337 30
133 3261 281 3323 dicuntur.
327 3265 373 3323 Ex
387 3282 449 3341 quo
469 3281 578 3340 genere
595 3272 640 3322 est
660 3261 750 3321 etiam
771 3281 834 3321 non
854 3259 948 3322 videri
969 3260 1140 3338 intellegere

167 3417 200 3466 M
209 3441 231 3460 =
244 3416 276 3465 H
349 3433 366 3480 9
378 3417 447 3465 illius
453 3417 529 3466 Hm:
547 3417 635 3465 Livius
648 3415 728 3464 Iulius
737 3414 786 3465 Le:
805 3415 848 3464 ille
856 3417 912 3464 eius
920 3415 1042 3465 Fu'cdn'ch
1110 3432 1138 3465 rr

133 3482 252 3532 annosL
339 3498 369 3544 14
387 3482 515 3545 cepissem
524 3483 582 3531 Hm
662 3484 692 3530 18
709 3482 917 3531 mortuuscodd:
936 3492 996 3531 corr.
1013 3481 1142 3530 Turnebus

134 3550 268 3610 (ulamma.
277 3549 322 3600 aal
390 3564 421 3610 19
438 3556 465 3597 et
472 3548 530 3598 add.
542 3547 685 3597 Lambinus
750 3563 781 3608 25
792 3547 872 3596 stulte
880 3563 931 3596 om.
942 3547 1000 3595 Hm
1046 3546 1140 3595 Mancii

134 3616 218 3677 vulga:
237 3615 343 3662 minima
354 3613 411 3661 Hm
479 3616 510 3661 28
527 3615 591 3662 haec
606 3613 659 3675 (xiv
669 3612 714 3662 lar.
727 3621 765 3675 sp.
780 3614 843 3677 vac.)
856 3620 898 3661 tur
909 3619 936 3660 et
947 3612 979 3660 H
1042 3628 1075 3672 29
1092 3626 1141 3674 per

133 3679 189 3728 sim.
200 3695 224 3728 n.
233 3678 315 3729 intell.
325 3679 378 3728 secl.
388 3678 524 3728 Fm'edn'clr:
540 3693 593 3728 non
601 3678 649 3728 int.
656 3679 709 3727 sul.
719 3677 819 3726 Ernesti
866 3677 1096 3726 dissimulationem
1102 3674 1139 3725 Le
