2648 4216
89 264 189 330 73296
477 257 521 316 M.
544 256 674 316 rvmr
695 255 929 317 crcuuorus

202 423 337 484 laudaret
356 434 447 495 tuam,
470 421 581 483 dixisse
601 442 651 483 me
672 442 742 482 curn
763 421 870 482 ceteris
890 421 950 482 tuis
966 421 1108 483 laudibus
1127 422 1209 483 hanc

203 539 269 581 esse
280 523 326 581 vel
341 519 501 581 maximam
517 520 600 597 quod
615 539 678 580 non
688 521 787 580 solum
798 519 882 596 quod
897 538 973 595 opus
988 530 1067 579 esset
1080 519 1206 592 diceres,

142 630 189 688 297
204 620 258 678 sed
282 617 372 678 etiarn
395 620 479 696 quod
501 637 563 678 non
589 637 665 696 opus
687 628 766 678 esset
784 636 847 677 non
870 615 985 676 diceres
996 639 1005 691 3
1035 629 1100 677 tum
1121 615 1207 677 illum

203 714 278 775 mihi
291 717 472 794 respondere
486 714 618 789 memini,
629 727 728 776 cetera
741 714 773 774 in
787 725 818 776 te
832 734 950 775 summe
964 734 1030 774 esse
1043 716 1205 786 laudanda,

202 811 276 873 illud
293 832 364 873 vero
384 813 515 891 improbi
533 832 599 873 esse
620 811 751 873 hominis
773 823 803 872 et
823 811 984 889 perfidiosi‚
1000 811 1101 872 dicere
1121 813 1237 888 qu0d5

201 911 332 972 alienum
347 923 425 972 esset
446 923 477 972 et
497 922 620 972 noceret
640 910 676 984 ei,
692 930 747 988 pro
768 929 830 987 quo
847 909 975 987 quisque
994 910 1107 971 diceret
1117 930 1125 983 3
1146 929 1208 986 qua

202 1029 233 1069 re
252 1029 313 1071 non
335 1008 392 1070 sibi
414 1029 484 1070 eum
505 1009 658 1082 disertum,
674 1008 727 1086 qui
748 1008 781 1069 id
801 1028 863 1068 non
885 1010 1002 1080 faceret,
1025 1006 1127 1080 videri,
1150 1008 1207 1067 sed

201 1105 381 1184 improbum,
411 1107 463 1184 qui
490 1109 608 1168 laceret.
661 1109 761 1180 Nunc,
790 1105 815 1167 si
843 1105 897 1166 tibi
925 1105 1050 1180 videtur,
1079 1103 1204 1178 Antoni,

201 1206 389 1265 demonstres
403 1205 500 1278 velim,
517 1225 577 1284 qua
591 1225 622 1266 re
636 1216 669 1265 tu
684 1207 743 1265 hoc
763 1203 805 1264 ita
821 1224 964 1282 magnum
978 1215 1065 1281 putes
1079 1202 1154 1262 nihil
1173 1201 1207 1262 in

201 1321 292 1362 causa
306 1302 376 1362 mali
390 1305 494 1376 lacere,
506 1315 540 1363 ut
548 1302 623 1363 nihil
634 1302 689 1363 tibi
699 1302 731 1363 in
740 1314 856 1364 oratore
868 1301 964 1362 maius
974 1322 1040 1362 esse
1051 1301 1206 1362 videatur!
1224 1325 1253 1360 ιο

147 1384 188 1445 74
204 1398 329 1460 ‘Dicam
344 1399 496 1478 equidem,
506 1402 634 1474 Caesar‚'
645 1399 743 1478 inquit
759 1400 849 1478 ‘quid
862 1399 1042 1477 intellegam,
1058 1401 1112 1459 sed
1127 1410 1157 1459 et
1172 1409 1205 1458 tu

141 1466 187 1531 ²⁹8
201 1508 231 1558 et
245 1518 298 1559 vos
313 1501 372 1559 hoc
393 1501 517 1574 omnes,'
531 1497 636 1576 inquit,
655 1502 866 1572 ‘mementote
879 1517 942 1558 non
959 1517 1009 1558 me
1023 1498 1062 1557 de
1081 1495 1205 1574 perfecti

201 1594 324 1655 oratoris
347 1595 501 1657 divinitate
527 1597 657 1674 quadarn
680 1595 772 1672 loqui,
796 1597 850 1655 sed
872 1595 911 1655 de
934 1593 1152 1655 exercitationis
1173 1605 1205 1654 et

200 1693 426 1755 consuetudinis
441 1713 526 1755 meae
536 1692 750 1755 mediocritate.
784 1692 883 1755 Crassi
892 1691 1016 1770 quidem
1025 1711 1203 1770 responsum

199 1791 370 1852 excellentis
391 1790 548 1853 cuiusdam
569 1802 615 1851 est
635 1789 736 1868 ingeni
756 1810 793 1851 ac
813 1788 968 1867 singularis
977 1810 987 1864 3
1011 1788 1060 1848 cui
1079 1788 1203 1866 quidem
1219 1811 1249 1864 ¹5

199 1889 329 1965 portenti
343 1889 439 1950 simile
453 1909 519 1950 esse
532 1887 630 1949 visum
650 1899 696 1949 est
714 1907 803 1965 posse
823 1887 954 1965 aliquem
969 1885 1094 1946 inveniri
1108 1898 1204 1948 orato

199 2004 273 2060 rem,
288 1986 340 2064 qui
354 1986 468 2064 aliquid
490 1985 561 2047 mali
582 1988 691 2046 laceret
713 1984 844 2047 dicendo
863 1985 1044 2061 obessetque
1058 1983 1096 2059 ei,
1111 2003 1203 2062 quem

138 2103 186 2158 ²99
199 2082 395 2158 defenderet3
415 2083 485 2144 lacit
499 2081 580 2144 enim
597 2085 637 2144 de
658 2103 691 2144 se
711 2082 915 2143 coniecturam
924 2103 933 2156 3
955 2081 1040 2142 cuius
1061 2092 1143 2141 tanta
1156 2081 1202 2143 vis

199 2178 299 2257 ingeni
313 2192 366 2254 est,
383 2192 416 2242 ut
434 2180 587 2242 neminem
606 2180 664 2241 nisi
682 2183 820 2242 consulto
839 2191 932 2258 putet,
949 2181 1032 2257 quod
1051 2191 1155 2240 contra
1169 2199 1202 2241 se

198 2277 297 2357 ipsum
323 2279 370 2355 sit,
392 2280 492 2341 dicere
503 2303 512 2355 3
533 2281 587 2341 sed
610 2300 667 2358 ego
688 2299 751 2340 non
773 2280 813 2340 de
835 2277 996 2357 praestanti
1019 2281 1150 2356 quadam
1171 2291 1202 2340 et
1217 2301 1250 2335 πο

198 2375 316 2452 eximia,
331 2379 385 2439 sed
405 2398 499 2456 prope
516 2379 555 2438 de
569 2375 681 2455 vulgari
702 2388 732 2437 et
753 2375 907 2438 communi
922 2375 951 2435 vi
965 2396 1047 2438 nuno
1068 2376 1199 2454 disputo.

199 2475 247 2534 Ita
270 2477 352 2553 apud
376 2477 506 2536 Graecos
531 2477 622 2535 fertur
643 2472 811 2534 incredibili
833 2475 965 2551 quadam
994 2473 1201 2550 magnitudine

198 2572 304 2634 consili
323 2584 415 2651 atque
437 2572 538 2651 ingeni
558 2571 751 2632 Atheniensis
775 2571 825 2631 ille
845 2571 936 2631 luisse
961 2570 1203 2645 Themistocles3

197 2670 237 2730 ad
265 2690 356 2748 quem
384 2669 508 2749 quidam
529 2671 637 2730 doctus
658 2671 751 2729 homo
773 2680 864 2746 atque
887 2668 919 2729 in
940 2667 1042 2747 primis
1068 2668 1201 2729 eruditus

197 2768 358 2829 accessisse
377 2767 485 2830 dicitur
499 2767 587 2845 eique
603 2777 697 2827 artem
711 2767 881 2839 memoriae,
899 2786 976 2844 quae
991 2777 1055 2826 tum
1071 2765 1201 2843 primum
1217 2786 1247 2837 ²5

197 2867 407 2944 proferebatur,
424 2864 574 2944 pollicitus
593 2884 658 2925 esse
679 2884 712 2925 se
733 2864 931 2938 traditurum3
951 2884 1021 2924 cum
1042 2863 1092 2924 ille
1113 2883 1202 2941 quae-

197 2962 283 3023 sisset
293 2963 438 3041 quidnam
452 2962 503 3022 illa
512 2982 559 3022 ars
570 2963 686 3024 efficere
696 2973 805 3040 posset,
819 2961 928 3023 dixisse
938 2961 1023 3021 illum
1034 2963 1199 3034 doctorem,

198 3071 231 3120 ut
258 3059 360 3120 omnia
387 3059 572 3121 meminisset
582 3081 591 3134 3
626 3071 656 3120 et
684 3059 712 3120 ei
743 3058 980 3120 Themistoclem
1010 3057 1200 3136 respondisse

197 3157 306 3236 gratius
327 3156 384 3217 sibi
401 3157 485 3218 illum
501 3178 565 3218 esse
583 3160 739 3231 facturum,
760 3157 785 3219 si
805 3178 837 3218 se
854 3155 990 3218 oblivisci
1011 3176 1090 3234 quae
1111 3157 1200 3216 vellet

135 3282 184 3332 300
197 3275 288 3334 quam
303 3254 328 3315 si
342 3255 514 3316 meminisse
528 3255 687 3317 docuisset.
732 3255 865 3316 Videsne
880 3253 1016 3332 quaevis
1030 3253 1062 3314 in
1076 3252 1200 3313 homine
1214 3275 1246 3324 30

228 3410 262 3459 M
271 3435 292 3452 =
305 3409 388 3459 AEH
449 3407 451 3410 ⁴
468 3427 495 3459 rr
515 3409 598 3473 inquit
615 3427 665 3462 om.
681 3411 714 3459 M
793 3409 941 3471 intellegam
957 3412 1003 3459 sed
1020 3428 1071 3460 om.
1085 3409 1118 3458 M
1131 3413 1201 3472 (cum

197 3477 337 3540 tacunaH)
418 3478 499 3537 rade
510 3492 561 3526 om.
577 3476 609 3524 M
680 3491 710 3525 ar
728 3476 754 3524 vi
766 3475 966 3524 nuncFriedrr'clr
979 3476 1066 3538 lingua
1078 3475 1122 3523 M:
1141 3492 1200 3538 pru-

196 3543 286 3592 dentia
302 3542 322 3590 L
340 3540 409 3605 vulg.
490 3543 602 3605 disputo.
620 3543 654 3590 ita
670 3541 782 3591 Scholia:
804 3542 935 3602 disputata
951 3541 1019 3591 HA:
1041 3541 1152 3604 disputo,
1172 3549 1200 3590 ut

196 3608 299 3671 Loulg.
302 3670 335 3720 Μ
336 3606 497 3669 disputabam
509 3614 538 3655 ut
549 3607 648 3719 Ellle‘ndt
754 3607 787 3654 26
803 3606 945 3669 pollicitum
955 3607 1043 3657 codd:
1068 3623 1127 3657 corr.
1140 3606 1196 3666 edd.

196 3689 226 3722 se
238 3689 288 3722 om.
424 3675 458 3721 28
474 3679 563 3722 etam.
