2648 4216
493 267 537 329 M.
559 268 688 327 TVLLI
709 267 941 329 CICERONIS

214 456 283 498 cum
308 435 518 498 exercitatione
539 448 698 516 praecepta
718 449 876 515 gustatam.
929 440 967 499 In
987 437 1035 499 his
1055 437 1136 500 enim
1157 441 1220 502 sere

214 535 303 596 rebus
322 534 420 596 omnis
437 533 561 596 istorum
579 534 727 595 artificum
747 535 885 596 doctrina
897 546 1038 610 versatur,
1053 556 1145 614 quam
1162 556 1220 614 ego

214 631 239 693 si
267 630 341 692 nihil
368 631 468 693 dicam
494 631 644 706 adiuvare,
670 631 797 694 mentiar
807 655 817 709 3
844 634 936 695 habet
960 633 1041 693 enim
1069 636 1219 713 quaedam

214 729 299 808 quasi
319 730 359 790 ad
380 731 637 791 commonendum
657 741 814 804 oratorem,
833 751 895 809 quo
914 729 1049 809 quidque
1065 733 1170 792 referat
1189 742 1220 793 et

214 847 276 905 quo
303 827 422 888 intuens
448 827 489 887 ab
516 847 563 901 eo,
585 829 800 906 quodcumque
822 827 879 888 sibi
900 827 1096 907 proposuerit,
1119 827 1246 902 minuss

153 940 199 1005 146
212 925 335 985 aberret
378 927 492 985 Verum
511 943 568 1002 ego
584 927 663 986 hanc
681 924 742 985 vim
761 925 902 1003 intellego
919 946 985 987 esse
1002 925 1035 986 in
1051 925 1218 1005 praeceptis

213 1023 362 1096 omnibus,
379 1042 441 1083 non
455 1034 488 1084 ut
503 1043 538 1084 ee
552 1022 647 1083 secuti
666 1034 797 1084 oratores
816 1022 1007 1101 eloquentiae
1022 1024 1144 1084 laudem
1158 1022 1218 1085 sint

212 1119 322 1197 adepti,
341 1121 403 1193 sed,
421 1139 499 1197 quae
520 1139 575 1180 sua
595 1131 703 1198 sponte
721 1119 860 1183 homines
881 1122 1057 1198 eloquentes
1075 1110 1216 1195 facerent,

212 1237 249 1278 ea
267 1218 415 1293 quosdam
431 1217 605 1278 observasse
623 1229 714 1295 atque
735 1217 911 1295 collegisse;
931 1217 975 1278 sic
992 1237 1057 1278 esse
1077 1238 1139 1278 non
1158 1220 1218 1279 elo

212 1314 366 1393 quentiam
387 1335 424 1375 ex
439 1314 573 1388 artificio,
594 1317 648 1376 sed
667 1315 824 1376 artificium
845 1336 883 1376 ex
902 1315 1075 1394 eloquentia
1092 1327 1263 1391 natum31o

212 1414 296 1490 quod
317 1424 426 1485 tamen,
449 1424 482 1473 ut
503 1423 573 1473 ante
594 1411 664 1486 dixi,
686 1432 749 1474 non
773 1412 869 1488 eicio;
896 1424 941 1475 est
965 1412 1056 1486 enim,
1078 1411 1169 1474 etiam
1191 1411 1217 1473 si

213 1508 311 1569 minus
332 1508 532 1571 necessarium
556 1510 596 1571 ad
620 1510 699 1571 bene
722 1509 894 1586 dicendum,
918 1522 1019 1571 tamen
1043 1511 1083 1571 ad
1107 1529 1217 1587 cogno

151 1629 196 1680 147
211 1608 357 1668 scendum
372 1627 434 1668 non
448 1606 621 1682 inliberale3
637 1619 667 1668 et
681 1607 851 1668 exercitatio
862 1609 1010 1685 quaedam
1025 1606 1216 1685 suscipienda

211 1703 296 1765 vobis
324 1716 388 1779 est;
416 1724 600 1782 quamquam
624 1723 677 1765 vos
702 1704 826 1782 quidem
854 1703 913 1765 iam
941 1704 1057 1784 pridem
1085 1703 1156 1765 estis
1183 1703 1215 1764 in

212 1822 319 1862 cursu:
348 1803 402 1863 sed
426 1801 478 1875 eis,
504 1801 556 1880 qui
580 1801 785 1879 ingrediuntur
809 1800 841 1861 in
865 1801 1004 1876 stadium,
1030 1801 1143 1880 quique
1170 1821 1261 1877 ea,15

212 1918 289 1976 quae
309 1901 426 1977 agenda
446 1910 516 1960 sunt
535 1898 567 1959 in
583 1901 649 1959 soro
666 1909 819 1976 tamquam
838 1897 869 1958 in
888 1898 961 1973 acie,
982 1909 1108 1977 possunt
1124 1897 1215 1959 etiam

211 2017 293 2057 nunc
313 1996 523 2057 exercitatione
543 1995 628 2074 quasi
653 1996 767 2058 ludicra
790 1996 976 2075 praediscere
1000 2017 1036 2057 ac
1060 1995 1215 2058 meditari'

150 2106 196 2169 148
212 2096 321 2155 ‘Hanc
342 2094 454 2173 ipsam'
471 2093 568 2172 inquit
588 2093 737 2172 Sulpicius
758 2099 864 2155 ‘nosse
883 2097 1040 2170 volumus;
1060 2115 1096 2156 ac
1113 2106 1215 2156 tamen

211 2190 274 2266 ista,
290 2212 368 2270 quae
384 2189 438 2252 abs
456 2203 486 2252 te
504 2191 630 2252 breviter
648 2193 686 2252 de
703 2203 765 2252 arte
782 2195 908 2253 decursa
924 2202 1002 2266 sunt,
1017 2191 1121 2253 audire
1135 2191 1216 2271 cupi·

211 2310 286 2364 mus,
306 2310 490 2368 quamquam
511 2300 581 2350 sunt
601 2288 689 2350 nobis
710 2309 831 2368 quoque
853 2310 915 2350 non
936 2289 1069 2351 inaudita
1078 2312 1088 2365 3
1111 2310 1214 2352 verum
1230 2313 1260 2348 ao

211 2387 260 2448 illa
271 2408 359 2461 mox;
376 2408 457 2449 nunc
471 2388 511 2448 de
525 2386 590 2466 ipsa
599 2386 810 2448 exercitatione
820 2387 894 2464 quid
905 2386 1015 2448 sentias
1026 2387 1214 2464 quaerimus?

156 2458 196 2517 33
212 2486 380 2564 ‘Equidem
408 2485 504 2565 probo
528 2484 603 2558 ista’
631 2486 756 2547 Crassus
784 2483 881 2562 inquit
912 2489 1008 2562 ‘quae
1036 2505 1090 2545 vos
1117 2486 1215 2544 facere

149 2546 196 2596 ¹⁴⁹
209 2584 319 2658 soletis,
338 2595 379 2658 ut,
400 2604 490 2644 causa
510 2581 611 2660 aliqua
633 2581 731 2660 posita
753 2581 902 2642 consimili
925 2601 1079 2642 causarum
1101 2601 1212 2655 earum,

209 2702 286 2759 quae
300 2682 331 2742 in
345 2684 443 2743 sorum
457 2683 638 2754 deferuntur,
649 2679 754 2741 dicatis
765 2699 856 2757 quam
871 2678 999 2739 maxime
1008 2680 1048 2740 ad
1058 2677 1212 2739 veritatem

209 2782 456 2854 accommodate;
484 2781 538 2840 sed
562 2776 696 2856 plerique
718 2777 749 2837 in
775 2780 834 2838 hoc
858 2796 964 2837 vocem
989 2777 1091 2849 modo,
1113 2795 1212 2853 neque
1227 2800 1257 2850 25

209 2896 275 2937 eam
297 2877 431 2952 scienter,
450 2889 481 2938 et
502 2875 571 2937 viris
592 2886 729 2936 exercent
753 2895 821 2936 suas
843 2886 873 2935 et
895 2873 1012 2952 linguae
1031 2871 1212 2933 celeritatem

210 2971 333 3034 incitant
354 2976 572 3052 verborumque
593 2972 760 3052 frequentia
782 2974 967 3035 delectantur
977 2992 985 3043 ;
1009 2968 1120 3047 inquo
1138 2967 1212 3029 fallit

210 3089 270 3142 eos,
294 3074 376 3148 quod
397 3073 564 3146 audierunt,
589 3072 720 3133 dicendo
741 3069 888 3143 homines,
909 3079 942 3128 ut
963 3066 1073 3139 dicant,
1095 3066 1213 3126 efficere

150 3190 197 3240 150
210 3168 304 3226 solere
315 3191 323 3240 5
345 3188 413 3230 vere
435 3171 515 3232 enim
537 3170 627 3233 etiarn
650 3169 724 3230 illud
746 3167 862 3240 dicitur,
883 3184 1019 3244 perverse
1040 3163 1139 3224 dicere
1160 3163 1213 3223 ho

150 3307 152 3311 r
210 3262 305 3323 mines
322 3285 457 3342 perverse
473 3268 605 3330 dicendo
622 3267 762 3328 facillime
781 3262 933 3342 consequi
977 3263 1078 3337 Quam
1092 3261 1134 3322 ob
1147 3280 1211 3321 rem
1226 3283 1257 3332 30

209 3359 316 3422 inistis
331 3361 401 3440 ipsis
416 3366 684 3439 exercitationibus
694 3363 750 3426 etsi
761 3363 833 3425 utile
843 3374 889 3423 est
903 3360 992 3423 etiam
1007 3358 1107 3421 subito
1121 3378 1212 3436 saepe

208 3456 315 3532 dicere,
339 3470 440 3521 tamen
464 3462 538 3524 illud
559 3462 669 3536 utilius,
692 3472 814 3539 sumpto
838 3458 934 3537 spatio
955 3459 996 3518 ad
1018 3455 1211 3534 cogitandum

240 3629 258 3675 9
273 3621 351 3677 atque
362 3616 496 3678 collegisse
513 3617 640 3672 Nr'solrirs:
657 3628 734 3681 atque
751 3619 778 3667 id
795 3618 879 3679 egisse
895 3615 980 3666 codd:
998 3613 1129 3675 redegisse
1142 3611 1212 3662 Bata

212 3695 241 3742 ¹5
258 3681 283 3729 in
296 3681 404 3729 stadium
415 3682 556 3731 Lambinus
568 3685 614 3731 ‘ex
623 3685 672 3732 cod.
685 3686 757 3747 longe
766 3683 874 3747 optrino'
886 3698 893 3731 r
909 3682 942 3730 ad
953 3681 1065 3730 studium
1076 3678 1144 3729 codd.
1163 3737 1165 3741 Ι
