2648 4216
418 266 462 326 M.
484 266 614 326 TVLLI
636 264 868 327 CICERONIS

140 443 256 494 ceteros
270 453 288 493 a
303 433 412 495 Crasso
430 452 549 511 semper
567 431 674 506 omnis,
690 430 742 492 illo
760 441 861 493 autem
875 432 926 495 die
940 431 1032 495 etiam
1045 431 1148 511 ipsum

140 551 160 592 a
177 551 210 592 se
227 543 407 610 superatum.
452 530 627 611 Deploravit
648 528 729 590 enirn
750 549 853 590 casum
874 541 966 608 atque
985 529 1147 591 orbitatem

141 640 269 701 senatus,
292 628 377 689 cuius
398 628 512 690 ordinis
536 649 555 689 a
578 629 710 700 consule,
733 626 784 704 qui
809 627 894 704 quasi
915 647 1023 706 parens
1047 628 1148 688 bonus

140 737 192 787 aut
214 737 294 786 tutor
311 726 407 787 fidelis
429 746 495 787 esse
517 727 652 800 deberet,
673 736 827 803 tamquam
846 725 886 787 ab
908 725 1010 804 aliquo
1032 724 1148 786 nefario

140 825 292 903 praedone
317 823 493 902 diriperetur
517 821 730 902 patrimonium
753 820 924 900 dignitatis,
953 840 1054 900 neque
1075 841 1178 892 veros

141 941 207 983 esse
230 921 409 996 mirandum,
434 921 467 996 si,
490 941 561 982 curn
583 919 645 981 suis
667 918 799 980 consiliis
821 940 884 981 rem
905 919 1059 1000 publicam
1080 939 1149 998 pro-

112 1017 278 1097 4fligasset,
298 1019 456 1081 consilium
481 1031 603 1080 senatus
625 1038 644 1079 a
665 1038 697 1078 re
719 1016 841 1096 publica
862 1017 1038 1096 repudiaret.
1083 1016 1148 1078 Hic

140 1136 210 1176 cum
231 1116 348 1177 homini
366 1128 396 1177 et
421 1115 592 1177 vehementi
612 1126 643 1177 et
661 1114 774 1176 diserto
795 1125 825 1176 et
846 1114 877 1174 in
894 1114 997 1194 primis
1017 1114 1087 1176 forti
1105 1116 1147 1176 ad

139 1213 337 1274 resistendum
357 1213 496 1290 Philippo
516 1212 601 1291 quasi
615 1212 762 1290 quasdam
776 1213 934 1272 verborum
948 1214 1029 1273 faces
1041 1213 1147 1273 admo

139 1310 237 1384 visset,
253 1331 315 1371 non
330 1310 396 1371 tulit
415 1310 465 1371 ille
483 1321 513 1370 et
532 1309 657 1388 graviter
671 1308 778 1370 exarsit
791 1308 1024 1388 pigneribusque
1036 1308 1146 1371 ablatis
1162 1328 1195 1365 ro

43 1451 45 1455 ,
141 1410 282 1471 Crassum
316 1407 442 1469 instituit
469 1428 614 1470 coercere.
672 1408 744 1483 Quo
772 1406 895 1484 quidem
923 1406 990 1484 ipso
1017 1407 1048 1468 in
1076 1409 1147 1469 loco

140 1507 235 1565 multa
258 1525 276 1565 a
301 1505 410 1568 Crasso
433 1504 576 1565 divinitus
600 1503 683 1566 dieta
705 1523 763 1564 esse
786 1504 966 1580 ferebantur,
990 1524 1061 1566 cum
1089 1504 1148 1566 sibi

140 1602 224 1663 illum
247 1605 402 1665 consulem
425 1623 491 1665 esse
515 1613 644 1681 negaret,
667 1601 717 1662 cui
741 1613 860 1663 senator
884 1601 949 1680 ipse
973 1623 1036 1664 non
1058 1613 1145 1663 esset

143 1703 209 1760 ‘An
228 1711 269 1775 tu,
285 1720 355 1762 cum
372 1721 495 1762 omnem
515 1699 724 1761 auctoritatem
745 1698 876 1760 universi
893 1699 1007 1761 ordinis
1027 1719 1084 1778 pro
1104 1697 1148 1778 pi-

139 1817 230 1876 gnere
254 1797 366 1876 putaris
390 1817 518 1875 eamque
542 1795 573 1857 in
598 1807 763 1875 conspectu
790 1795 894 1876 populi
920 1796 1052 1873 Romani
1075 1813 1193 1864 con-15

141 1895 256 1970 cidens,
276 1917 325 1957 me
344 1895 391 1956 his
409 1895 559 1956 existimas
579 1894 750 1974 pigneribus
770 1895 893 1957 terreri?
934 1897 1006 1956 Non
1025 1894 1079 1956 tibi
1096 1895 1148 1955 illa

142 2005 211 2054 sunt
236 1994 399 2067 caedenda,
422 1992 447 2053 si
468 1994 502 2053 L.
519 1994 662 2056 Crassum
682 1993 729 2053 vis
751 2013 907 2054 coercere:
928 1995 1004 2054 haec
1024 1993 1079 2053 tibi
1102 2004 1149 2055 est

142 2091 304 2152 incidenda
330 2090 438 2169 lingua,
465 2111 526 2168 qua
552 2092 600 2151 vel
627 2092 730 2152 evulsa
763 2089 867 2167 spiritu
895 2089 962 2169 ipso
990 2089 1149 2151 libidinem

110 2165 226 2249 ²tuam
248 2187 368 2249 libertas
392 2208 459 2258 mea
483 2187 641 2249 refutabit!
683 2190 835 2250 Permulta
858 2199 923 2248 tum
950 2187 1149 2248 vehementis·

114 2253 219 2346 ⁵sima
242 2284 436 2347 contentione
462 2285 565 2362 animi,
587 2285 697 2364 ingeni,
720 2285 827 2346 virium
854 2287 894 2346 ab
918 2305 956 2347 eo
978 2284 1059 2346 dicta
1081 2304 1148 2345 esse
1162 2307 1193 2341 πο

141 2384 299 2445 constabat
323 2383 563 2462 sententiamque
587 2404 663 2458 eam,
686 2404 778 2462 quam
800 2395 921 2446 senatus
943 2385 1083 2461 frequens
1104 2402 1149 2444 se·

142 2492 229 2542 cutus
249 2492 295 2541 est
315 2480 510 2542 ornatissimis
531 2493 561 2543 et
581 2481 760 2560 gravissimis
778 2480 884 2555 verbis,
905 2493 938 2542 ut
957 2483 1071 2561 populo
1089 2482 1150 2540 Ro

143 2598 234 2639 mano
258 2577 329 2639 satis
353 2580 443 2654 fieret,
466 2600 632 2658 numquam
657 2591 778 2640 senatus
802 2598 902 2659 neque
925 2577 1084 2639 consilium
1107 2576 1150 2638 rei

142 2675 281 2754 publicae
306 2697 404 2755 neque
428 2679 520 2740 fidem
543 2678 673 2740 defuisse
695 2680 734 2739 ab
757 2698 795 2739 eo
817 2677 929 2738 dictam
952 2687 982 2736 et
1006 2676 1147 2748 eundern,

143 2772 176 2834 id
194 2775 278 2852 quod
299 2774 331 2835 in
352 2775 578 2836 auctoritatibus
600 2775 769 2854 perscriptis
792 2786 895 2850 exstat,
913 2774 1074 2836 scribendo
1097 2775 1150 2833 ad·
1164 2793 1194 2842 ²5

114 2870 242 2931 6fuisse.
286 2873 342 2932 Illa
362 2883 516 2951 tamquam
540 2894 652 2951 cycnea
679 2873 735 2934 fuit
762 2872 856 2935 divini
879 2871 1010 2933 hominis
1034 2889 1092 2931 vox
1119 2880 1150 2930 et

143 2968 248 3043 oratio,
269 2989 360 3046 quam
381 2969 466 3048 quasi
485 2982 691 3050 exspectantes
709 2981 779 3049 post
797 2970 861 3031 eius
878 2968 1030 3030 interitum
1051 2966 1150 3028 venie

143 3067 251 3127 bamus
275 3066 306 3126 in
331 3067 452 3142 curiam,
475 3079 510 3129 ut
533 3068 689 3148 vestigium
717 3068 792 3129 illud
816 3067 926 3146 ipsum,
949 3066 981 3126 in
1009 3086 1071 3144 quo
1099 3064 1150 3127 ille

143 3175 328 3240 postremum
349 3163 510 3240 institisset,
533 3177 760 3227 contueremur:
782 3185 914 3243 namque
934 3176 1000 3225 tum
1020 3166 1098 3224 latus
1121 3163 1149 3225 ei

143 3259 256 3322 dicenti
276 3262 467 3324 condoluisse
487 3265 689 3341 sudoremque
711 3265 839 3323 multum
863 3272 1060 3323 consecutum
1082 3280 1149 3323 esse
1163 3278 1195 3329 30

143 3358 340 3420 audiebamus
350 3381 359 3434 ;
379 3380 416 3421 ex
434 3379 496 3438 quo
517 3380 587 3421 cum
603 3359 811 3435 cohorruisset,
834 3380 905 3421 cum
926 3359 1002 3421 febri
1022 3361 1149 3420 domum

177 3513 331 3563 M=AEH
397 3531 428 3564 ro
443 3515 535 3565 ablatis
546 3515 631 3579 vulga
649 3515 732 3565 allatis
743 3513 812 3565 codd.
882 3530 912 3563 12
930 3531 988 3564 esse
1000 3515 1145 3564 ferebantur
1209 3477 1211 3480 -

143 3578 301 3629 Lambinus:
318 3581 492 3630 efferebantur
502 3580 570 3630 codd.
592 3615 593 3620 ,
641 3595 670 3642 ¹5
688 3587 812 3641 putares.
827 3581 1016 3630 ..concideres
1027 3579 1050 3626 L
1120 3581 1151 3629 16

144 3660 186 3694 me
196 3646 238 3695 his
248 3646 321 3695 dett:
339 3646 404 3695 meis
415 3645 469 3693 ML
553 3647 583 3694 re
601 3644 779 3694 excidendal.
880 3661 912 3707 24
929 3645 1042 3695 dictaM
1117 3647 1150 3693 28

144 3711 188 3761 ille
198 3710 239 3760 L:
257 3713 313 3774 ipse
325 3711 357 3760 Μ
365 3730 371 3760 2
388 3728 438 3762 om.
454 3710 514 3761 Vt'ct.
615 3725 649 3772 3ο
665 3711 762 3759 dicenti
774 3726 824 3761 om.
839 3710 872 3761 M
935 3711 1060 3761 doluisset
1072 3710 1103 3758 M
