2648 4216
80 279 180 341 52201
475 268 519 327 Μ.
542 267 671 327 Tuum
694 267 927 329 crcuxoms

193 432 318 494 oratoris
336 432 455 511 putetis,
472 434 556 511 quod
575 432 699 511 quidem
718 432 757 494 sit
775 432 926 511 egregium
946 444 1038 512 atque
1056 432 1204 508 mirabile,

192 530 251 591 nisi
273 530 304 591 in
327 530 450 609 singulis
463 530 562 592 verbis
583 531 633 591 illa
654 531 709 592 tria
729 542 839 604 tenere,
860 542 894 592 ut
913 530 1062 592 translatis
1083 542 1205 591 utamur

193 629 370 706 frequenter,
394 627 544 688 interdum
569 627 663 702 sactis,
687 648 753 688 raro
776 639 878 688 autem
900 627 990 690 etiam
1014 629 1202 707 pervetustis.

193 729 233 788 In
246 739 390 807 perpetua
401 740 505 789 autem
519 728 662 802 oratione,
679 748 749 788 cum
764 740 795 790 et
808 727 1030 789 coniunctionis
1048 727 1202 788 levitatem

193 835 224 886 et
248 845 449 899 numerorum,
472 846 564 904 quam
587 826 656 900 dixi,
679 826 826 887 rationem
850 825 1042 898 tenuerimus,
1065 837 1130 885 tum
1156 837 1229 890 ests

162 976 181 1034 3
195 923 280 1002 quasi
294 923 459 984 luminibus
473 922 686 1001 distinguenda
707 934 737 984 et
755 924 974 1002 frequentanda
992 921 1091 984 omnis
1105 921 1202 982 oratio

141 974 161 1035 5

131 1065 179 1101 20,
194 1021 408 1082 sententiarum
431 1033 524 1099 atque
544 1023 711 1083 verborum.
756 1023 836 1083 Nam
860 1032 891 1083 et
915 1019 1113 1081 commoratio
1141 1040 1203 1080 una

193 1118 225 1180 in
240 1139 281 1180 ⁴re
305 1121 487 1198 permultum
511 1131 613 1182 movet
636 1132 667 1181 et
687 1119 819 1180 inlustris
839 1118 1008 1198 explanatio
1031 1138 1200 1196 rerumque,

193 1216 279 1295 quasi
298 1229 445 1294 gerantur,
461 1218 518 1278 sub
536 1229 692 1296 aspectum
711 1237 809 1295 paene
829 1216 976 1278 subiectio
986 1237 996 1292 3
1015 1235 1094 1294 quae
1117 1226 1148 1276 et
1169 1215 1200 1276 in

192 1317 371 1393 exponenda
384 1336 416 1376 re
430 1315 591 1393 plurimum
605 1317 706 1376 valent
720 1317 804 1376 etad
820 1314 1040 1375 inlustrandum
1059 1312 1100 1387 id,
1116 1314 1201 1390 quod
1217 1335 1246 1370 ιο

192 1415 357 1493 exponitur,
373 1425 403 1475 et
423 1416 463 1475 ad
483 1414 753 1492 amplificandum
775 1425 809 1474 ut
828 1412 879 1488 eis,
896 1412 949 1491 qui
966 1412 1097 1486 audient,
1114 1411 1201 1486 illud,

192 1515 275 1590 quod
297 1511 482 1592 augebimus,
507 1523 654 1591 quantum
678 1513 795 1573 efficere
819 1510 915 1571 oratio
938 1508 1057 1588 poterit,
1081 1519 1200 1570 tantum

191 1631 258 1673 esse
271 1611 407 1672 videatur
416 1633 425 1685 ;
446 1623 476 1671 et
494 1610 566 1671 huic
579 1608 728 1670 contraria
742 1628 832 1687 saepe
846 1606 998 1687 percursio
1016 1617 1062 1667 est
1080 1616 1111 1667 et
1131 1608 1200 1685 plus

190 1711 231 1772 ad
258 1709 501 1788 intellegendum,
527 1728 619 1787 quam
646 1706 763 1781 dixeris,
793 1704 972 1784 significatio
998 1717 1029 1766 et
1057 1703 1200 1764 distincte

191 1807 313 1869 concisa
336 1807 464 1868 brevitas
489 1818 519 1868 et
543 1804 714 1867 extenuatio
736 1816 767 1866 et
791 1804 862 1864 huic
883 1803 1026 1864 adiuncta
1047 1800 1159 1862 inlusio
1180 1821 1201 1861 a
1216 1823 1244 1874 ¹5

131 1930 179 1978 203
192 1905 357 1984 praeceptis
379 1904 514 1966 Caesaris
534 1924 597 1964 non
617 1904 782 1964 abhorrens
792 1924 801 1977 ς
828 1913 859 1963 et
878 1902 919 1963 ab
938 1921 970 1962 re
991 1898 1144 1980 digressio,
1168 1897 1201 1959 in

192 2023 252 2081 qua
266 2023 336 2063 cum
350 2001 437 2062 suerit
451 2000 620 2075 delectatio,
635 2011 700 2061 tum
714 1999 827 2061 reditus
841 2000 881 2060 ad
898 2019 961 2060 rem
977 2008 1065 2076 aptus
1083 2007 1114 2058 et
1129 2017 1202 2057 con-

191 2098 298 2160 cinnus
317 2119 382 2160 esse
401 2097 525 2159 debebit
534 2121 543 2174 3
567 2096 792 2176 propositioque
806 2095 881 2174 quid
899 2095 940 2157 sis
959 2095 1092 2157 dicturus
1109 2106 1140 2155 et
1159 2094 1202 2155 ab

191 2217 238 2271 eo,
253 2198 337 2274 quod
356 2208 401 2257 est
415 2196 539 2269 dictum,
554 2194 702 2256 seiunctio
721 2205 752 2256 et
770 2193 883 2255 reditus
901 2195 941 2254 ad
963 2192 1153 2272 propositum
1168 2204 1201 2253 et

190 2294 307 2357 iteratio
321 2307 351 2355 et
364 2293 486 2354 rationis
499 2305 570 2371 apta
583 2292 757 2367 conclusi03
777 2303 842 2353 tum
855 2291 986 2369 augendi
1003 2290 1200 2353 minuendive
1215 2313 1246 2349 πο

189 2411 282 2452 causa
294 2389 425 2451 veritatis
445 2389 607 2468 supralatio
627 2401 718 2468 atque
739 2388 892 2464 traiecti03
920 2400 951 2450 et
970 2386 1085 2467 rogatio
1105 2399 1201 2466 atque

191 2488 262 2550 huic
276 2487 402 2549 finitima
415 2486 500 2566 quasi
513 2486 701 2565 percontatio
711 2485 919 2564 expositioque
928 2485 1092 2546 sententiae
1107 2505 1181 2546 suae
1191 2508 1201 2561 3

191 2596 257 2646 tum
279 2584 336 2659 illa,
361 2604 439 2663 quae
463 2583 592 2644 maxime
612 2583 698 2662 quasi
718 2583 826 2660 inrepit
846 2582 878 2643 in
899 2581 1057 2644 hominum
1078 2581 1200 2656 mentis,

190 2683 249 2744 alia
269 2682 396 2744 dicentis
416 2702 453 2743 ac
473 2681 666 2760 significantis
687 2681 885 2743 dissimulatio
894 2704 904 2757 ;
934 2701 1013 2759 quae
1033 2691 1078 2741 est
1102 2679 1201 2757 periu-

189 2783 384 2854 condacum
403 2778 545 2840 orationis
563 2798 626 2839 non
645 2778 847 2852 contentione,
864 2780 919 2839 sed
938 2797 1076 2839 sermone
1092 2787 1200 2838 tracta-
1212 2800 1241 2850 ²5

189 2889 255 2953 tur,
284 2877 395 2940 deinde
420 2876 575 2950 dubitatio,
599 2888 663 2937 tum
686 2875 865 2950 distributio,
890 2888 956 2936 tum
979 2873 1125 2936 correctio
1150 2878 1199 2936 vel

190 2987 260 3036 ante
274 2977 321 3036 vel
335 2986 495 3053 postquam
510 2973 618 3035 dixeris
632 2976 679 3035 vel
693 2995 763 3034 cum
777 2973 891 3053 aliquid
905 2994 924 3033 a
940 2984 970 3033 te
988 2971 1055 3050 ipso
1074 2971 1199 3049 reicias;

129 3094 177 3144 204
190 3074 390 3152 praemunitio
411 3074 501 3134 etiam
522 3074 626 3134 estad
648 3072 689 3147 id,
704 3075 788 3152 quod
807 3072 989 3150 adgrediare,
1011 3081 1041 3131 et
1062 3069 1198 3133 traiectio

225 3228 258 3275 M
267 3253 288 3270 =
301 3228 385 3277 ΑΕΗ
481 3246 496 3277 2
514 3229 563 3277 nisi
587 3229 613 3276 in
632 3227 655 3275 L
676 3228 764 3292 vulga:
788 3245 821 3276 ne
839 3226 872 3274 M
967 3243 982 3287 4
1000 3227 1131 3275 levitatem
1150 3223 1198 3276 M:

191 3296 321 3344 lenitatem
337 3294 373 3343 Le
385 3295 487 3357 Qurlrtil.
507 3296 541 3344 ix.
559 3311 578 3345 r.
593 3297 625 3343 26
723 3295 740 3342 8
758 3309 894 3354 rerumque
909 3294 982 3354 quasi
999 3293 1087 3356 vulga:
1109 3307 1197 3341 rerum

191 3377 308 3423 quaeque
320 3359 366 3409 M:
384 3376 469 3409 rerum
481 3359 588 3421 quasiL
679 3376 696 3421 9
713 3367 818 3421 aspectu
830 3358 893 3420 Lga
968 3372 1000 3407 10
1015 3355 1196 3423 valetLvulg.

193 3433 220 3475 et
231 3441 281 3475 om.
294 3425 326 3472 M
406 3441 436 3474 12
453 3433 574 3487 quantum
587 3425 653 3488 vulg.
669 3443 675 3474 ε
692 3441 767 3487 quarn
781 3423 812 3471 M
900 3438 930 3484 13
948 3423 1079 3486 percursio
1088 3421 1195 3484 Quintil.

192 3491 207 3540 1.
220 3508 238 3541 c.
252 3493 297 3539 vul
312 3529 318 3540 .
332 3509 338 3540 :
356 3492 489 3553 percussio
501 3491 569 3540 codd,
673 3506 703 3551 14
721 3490 851 3538 distinctio
863 3487 896 3537 M
995 3501 1024 3549 15
1043 3487 1155 3536 inclusio
1167 3486 1200 3535 M

195 3557 225 3605 18
242 3508 320 3604 sitM
392 3573 424 3606 ao
441 3557 572 3605 minuendi
589 3554 622 3602 M
696 3571 725 3603 ar
745 3555 886 3617 superlatio
902 3553 1010 3617 mvu1g;
1085 3556 1152 3601 ratio
1168 3551 1201 3600 M

192 3637 225 3682 24
241 3638 308 3682 quae
321 3628 360 3670 est
373 3659 379 3672 .
394 3660 399 3671 .
413 3661 419 3672 .
432 3628 555 3670 tractatur
566 3638 616 3669 om.
631 3620 664 3667 M
785 3635 817 3681 25
835 3621 860 3668 in
872 3621 990 3669 oratione
1002 3617 1094 3665 maluit
1103 3615 1199 3681 Stangl

192 3690 226 3735 26
243 3689 373 3749 correptio
385 3686 417 3733 M
