2648 4216
462 257 521 317 DE
542 254 748 317 ORATORE
793 253 808 312 1

126 426 258 508 paratius
282 438 373 505 atque
393 425 559 488 accuratius
580 424 687 485 dicere
731 424 831 502 Caput
850 431 952 484 autem
971 421 1132 500 estquod,

126 536 162 586 ut
184 545 252 586 vere
276 524 384 598 dicam,
415 522 539 584 minime
565 521 691 582 facimus
713 521 771 600 (est
791 520 872 582 enim
893 519 994 598 magni
1013 519 1132 593 laboris,

128 643 221 701 quem
241 621 376 701 plerique
396 620 547 698 fugimus),
569 639 659 698 quam
681 618 842 698 plurimum
863 617 999 680 scribere
1043 617 1134 679 Stilus

127 719 260 798 optimus
282 731 313 780 et
337 717 606 797 praestantissimus
628 716 750 778 dicendi
774 717 897 777 effector
917 736 953 777 ac
976 716 1114 794 magister
1124 738 1134 792 ;

96 835 111 884 5
127 836 228 895 neque
244 815 369 891 iniuria;
390 836 460 876 nam
475 814 500 876 si
514 814 643 876 subitam
658 825 688 875 et
702 813 854 874 fortuitam
871 812 1036 874 orationem
1053 833 1134 875 com·

127 913 274 975 mentatio
287 925 318 974 et
332 912 473 991 cogitatio
487 911 573 973 facile
587 911 688 985 vincit,
703 913 782 972 hanc
797 910 892 988 ipsam
906 912 1041 988 profecto
1057 909 1134 971 adsi·

126 1013 190 1072 dua
202 1031 239 1072 ac
252 1011 379 1089 diligens
395 1009 538 1087 scriptura
552 1007 711 1087 superabit
752 1009 867 1071 Omnes
882 1006 972 1081 enim,
987 1006 1049 1068 sive
1062 1006 1133 1069 artis
1149 1028 1193 1080 ¹51

127 1119 199 1168 sunt
220 1107 279 1169 loci
301 1107 364 1169 sive
388 1106 488 1186 ingeni
512 1105 669 1167 cuiusdam
693 1126 730 1167 ac
753 1104 938 1184 prudentiae,
963 1105 1016 1183 qui
1040 1107 1133 1167 modo

127 1204 230 1266 insunt
244 1204 275 1265 in
289 1225 326 1266 ea
338 1225 379 1279 re,
391 1206 431 1265 de
445 1224 505 1282 qua
519 1203 684 1277 scribimus,
696 1202 923 1280 anquirentibus
938 1202 1025 1263 nobis
1039 1202 1133 1264 omni-

84 1322 114 1357 ιο
127 1322 188 1381 que
202 1301 267 1363 acie
280 1301 381 1380 ingeni
395 1299 670 1380 contemplantibus
687 1302 851 1361 ostendunt
865 1320 898 1361 se
911 1311 942 1361 et
956 1311 1134 1375 occurrunt;

127 1419 295 1478 omnesque
316 1399 481 1461 sententiae
502 1399 652 1476 verbaque
673 1397 783 1472 omnia,
801 1418 879 1476 quae
898 1409 967 1458 sunt
988 1397 1133 1476 cuiusque

126 1496 244 1575 generis
264 1496 393 1558 maxime
413 1495 556 1570 inlustria,
574 1497 631 1557 sub
651 1516 779 1557 acumen
796 1494 854 1555 stili
872 1495 998 1555 subeant
1019 1506 1049 1555 et
1069 1515 1134 1556 suc·

126 1595 238 1656 cedant
262 1615 385 1656 necesse
409 1606 455 1656 est
466 1616 476 1669 3
504 1605 568 1654 tum
593 1593 658 1671 ipsa
682 1591 851 1654 conlocatio
876 1592 1134 1670 conformatioque

127 1692 286 1753 verborum
306 1692 456 1771 perficitur
474 1691 506 1752 in
525 1690 692 1764 scribendo,
708 1711 771 1752 non
788 1689 916 1769 poetico,
932 1691 986 1751 sed
1000 1693 1133 1768 quodam

84 1811 114 1862 ¹5
127 1789 258 1850 oratorio
282 1810 409 1851 numero
433 1801 463 1851 et
487 1790 588 1850 modo.
633 1791 721 1850 Haec
743 1798 821 1861 sunt,
839 1807 917 1865 quae
938 1789 1082 1849 clamores
1103 1800 1133 1851 et
1149 1809 1195 1860 15²

126 1885 340 1949 admirationes
361 1886 393 1947 in
416 1885 504 1948 bonis
526 1886 692 1947 oratoribus
712 1885 844 1947 efficiunt
854 1907 863 1960 ;
886 1906 985 1964 neque
1003 1907 1040 1947 ea
1055 1886 1134 1965 quis-

127 2003 228 2062 quam,
244 1984 302 2046 nisi
316 1984 369 2047 diu
384 1987 573 2061 multumque
593 1982 770 2061 scriptitarit,
788 1983 878 2044 etiam
896 1983 921 2044 si
937 1984 1133 2046 vehementis

127 2082 203 2143 sime
224 2103 256 2144 se
277 2083 308 2143 in
329 2082 377 2145 his
398 2082 503 2143 subitis
524 2081 707 2142 dictionibus
726 2080 896 2155 exercuerit,
915 2094 1134 2160 consequetur;

128 2192 158 2241 et
177 2180 229 2258 qui
251 2202 270 2241 a
291 2180 442 2242 scribendi
463 2178 680 2241 consuetudine
700 2180 740 2239 ad
762 2177 924 2239 dicendum
945 2179 1035 2252 venit,
1053 2182 1132 2241 hanc

82 2300 114 2336 ιο
127 2279 223 2339 adfert
237 2281 418 2352 facultatem,
434 2288 475 2352 ut,
491 2276 582 2338 etiam
601 2275 702 2337 subito
718 2275 743 2336 si
760 2275 849 2350 dicat,
864 2287 965 2336 tamen
981 2275 1038 2350 illa,
1054 2297 1132 2355 quae
1154 2343 1156 2348 ,

127 2375 273 2450 dicantur,
288 2375 396 2437 similia
414 2375 591 2453 scriptorum
610 2393 676 2434 esse
692 2373 869 2447 videantur;
888 2384 979 2451 atque
993 2373 1091 2448 etiam,
1107 2373 1133 2435 si

127 2475 251 2550 quando
274 2473 306 2533 in
328 2473 460 2534 dicendo
484 2471 626 2549 scriptum
648 2470 777 2531 attulerit
799 2469 921 2547 aliquid,
943 2490 1013 2532 cum
1033 2472 1132 2533 abeo

127 2568 304 2644 discesserit,
325 2570 439 2648 reliqua
457 2569 561 2630 similis
581 2567 674 2629 oratio
693 2578 893 2645 consequetur
902 2589 911 2641 ;
931 2578 964 2628 ut
981 2568 1131 2630 concitato
1148 2589 1195 2641 ¹53

127 2666 254 2745 navigio,
270 2686 340 2728 cum
361 2667 486 2746 remiges
504 2666 705 2738 inhibuerunt,
721 2664 827 2725 retinet
846 2676 946 2725 tamen
966 2664 1030 2742 ipsa
1048 2666 1132 2728 navis

81 2789 113 2838 25
127 2776 244 2825 motum
263 2777 293 2826 et
313 2785 432 2826 cursum
452 2785 539 2826 suum
560 2762 729 2824 intermisso
746 2761 859 2840 impetu
876 2764 1024 2840 pulsuque
1038 2783 1132 2824 remo

126 2882 202 2935 rum,
218 2861 261 2923 sic
277 2861 308 2922 in
328 2861 463 2923 oratione
482 2872 633 2940 perpetua,
650 2878 719 2921 cum
738 2858 847 2936 scripta
863 2857 1014 2932 deficiunt,
1030 2879 1131 2937 parem

126 2969 227 3019 tamen
242 2958 357 3020 obtinet
372 2959 467 3020 oratio
482 2958 595 3037 reliqua
608 2978 728 3019 cursum
744 2956 920 3034 scriptorum
938 2953 1131 3019 similitudine

126 3067 156 3116 et
180 3056 210 3116 vi
234 3057 390 3118 concitata
444 3058 481 3117 In
510 3055 668 3118 cotidianis
696 3066 797 3116 autem
828 3052 1130 3114 commentationibus

126 3152 267 3230 equidem
283 3153 356 3213 mihi
370 3155 613 3214 adulescentulus
627 3172 793 3231 proponere
810 3152 944 3213 solebam
959 3149 1039 3210 illam
1054 3171 1132 3211 exer-

82 3273 114 3321 30
127 3248 299 3310 citationem
315 3249 451 3323 maxime,
467 3269 528 3327 qua
542 3251 576 3312 C.
593 3250 764 3312 Carbonem
781 3260 915 3311 nostrum
934 3248 1018 3309 illum
1038 3247 1132 3307 inimi·

127 3365 197 3407 cum
221 3347 342 3408 solitum
364 3367 430 3409 esse
454 3346 498 3408 uti
523 3347 663 3420 sciebam,
686 3359 719 3408 ut
739 3358 791 3407 aut
814 3347 947 3408 versibus
972 3343 1132 3424 propositis

126 3443 367 3520 quammaxime
387 3444 525 3522 gravibus
545 3455 597 3504 aut
618 3443 752 3505 oratione
772 3443 872 3522 aliqua
897 3446 973 3504 lecta
997 3445 1037 3504 ad
1061 3463 1130 3503 eum

126 3540 227 3615 finem,
252 3560 343 3619 quem
367 3541 513 3603 memoria
539 3562 658 3620 possem
687 3542 950 3618 comprehendere,
976 3534 1042 3601 eam
1068 3560 1130 3602 rem

1146 3102 1194 3154 Ι54

244 3713 273 3758 ¹7
291 3698 342 3747 nisi
353 3697 422 3747 codd.
435 3715 441 3747 :
459 3698 510 3747 nisi
521 3698 566 3759 qui
578 3696 720 3746 Lambinus
732 3713 790 3745 cum
801 3713 854 3746 recc.
868 3712 918 3745 non
931 3696 1009 3746 nullis
