2648 4216
482 249 541 309 uu
561 248 767 311 omrortn
806 249 821 310 1
1169 250 1239 328 ομ

146 429 210 478 tam
228 427 337 496 potens
355 428 479 494 tamque
497 416 699 496 magnificum,
719 436 811 495 quam
829 417 934 496 populi
952 429 1062 493 motus,
1079 417 1155 480 iudi·

147 533 219 574 cum
232 513 399 592 religiones,
414 526 536 575 senatus
549 513 724 592 gravitatem
737 514 827 575 unius
843 514 978 577 oratione
997 515 1154 577 converti?

148 611 232 688 Quid
246 624 308 672 tam
322 631 412 691 porro
425 612 548 690 regium,
564 624 626 673 tam
640 612 770 687 liberale,
785 623 847 673 tam
861 612 1046 687 munificum,
1061 634 1154 692 quam
1168 630 1199 681 3²

147 728 238 787 opem
265 711 341 770 ferre
367 709 562 787 supplicibus,
591 710 719 771 excitare
745 710 892 784 adflictos,
917 713 990 772 dare
1017 713 1152 786 salutem,

117 825 132 874 5
147 804 272 866 liberare
282 805 430 883 perieulis,
441 805 568 867 retinere
582 806 721 868 homines
734 806 766 867 in
781 807 921 868 civitate?
955 807 1039 884 Quid
1055 821 1154 870 autem

147 913 209 962 tam
238 902 447 976 necessarium,
470 923 563 980 quam
589 914 692 965 tenere
719 924 837 982 semper
859 923 950 978 arma,
973 904 1083 982 quibus
1106 906 1155 966 vel

147 1009 244 1059 tectus
266 998 331 1077 ipse
353 1019 420 1061 esse
440 999 538 1078 possis
556 1001 604 1060 vel
626 1020 788 1078 provocare
810 999 924 1078 integer
939 1002 987 1061 vel
1006 1012 1037 1062 te
1050 1001 1154 1062 ulcisci

146 1093 324 1156 lacessitus?
365 1099 431 1174 Age
452 1116 532 1170 vero,
555 1116 595 1158 ne
618 1116 737 1174 semper
760 1096 867 1170 lorum,
889 1097 1038 1171 subsellia,
1060 1109 1155 1159 rostra

147 1193 321 1271 curiamque
334 1194 488 1269 meditere,
503 1193 578 1273 quid
591 1214 658 1255 esse
671 1205 770 1273 potest
787 1194 819 1255 in
837 1194 901 1256 otio
920 1207 973 1257 aut
993 1195 1154 1258 iucundius

101 1309 133 1345 ιο
146 1299 199 1350 aut
223 1289 317 1368 magis
339 1290 492 1369 proprium
517 1290 719 1364 humanitatis,
744 1310 836 1369 quam
860 1312 959 1353 sermo
983 1294 1096 1354 facetus
1115 1312 1153 1354 ac

147 1389 230 1449 nulla
251 1387 282 1448 in
305 1409 336 1450 re
358 1388 462 1450 rudis?
504 1392 577 1451 Hoc
595 1389 676 1450 enim
691 1408 753 1450 uno
766 1400 950 1466 praestamus
964 1391 1012 1450 vel
1025 1389 1154 1452 maxime

147 1485 224 1560 ieris,
234 1487 319 1564 quod
329 1486 540 1566 conloquimur
553 1486 630 1548 inter
640 1507 697 1548 nos
707 1497 738 1547 et
751 1487 835 1564 quod
849 1487 1012 1565 exprimere
1022 1486 1153 1549 dicendo

146 1604 235 1644 sensa
254 1604 422 1663 possumus
467 1587 568 1662 Quam
586 1587 629 1648 ob
647 1605 710 1646 rem
724 1584 791 1663 quis
806 1586 865 1646 hoc
878 1605 941 1647 non
955 1585 1018 1647 iure
1032 1586 1154 1647 miretur
1168 1603 1199 1652 33

146 1701 325 1760 summeque
345 1681 377 1743 in
398 1704 435 1744 eo
456 1684 673 1745 elaborandum
692 1703 758 1744 esse
774 1683 940 1757 arbitretur,
955 1694 997 1756 ut,
1012 1703 1074 1761 quo
1090 1704 1153 1745 uno

101 1798 132 1847 ¹5
146 1778 285 1840 homines
307 1778 436 1840 maxime
457 1779 559 1842 bestiis
578 1792 737 1859 praestent,
753 1780 785 1841 in
804 1782 863 1842 hoc
885 1779 1059 1842 hominibus
1080 1779 1153 1859 ipsis

145 1879 329 1937 antecellat?
370 1879 417 1940 Ut
428 1897 499 1938 vero
513 1877 573 1938 iam
586 1880 627 1938 ad
642 1877 692 1938 illa
705 1897 824 1939 summa
837 1876 1001 1951 veniamus,
1016 1877 1153 1956 quaevis

145 1973 205 2034 alia
218 1973 315 2052 potuit
328 1985 380 2034 aut
393 1973 545 2052 dispersos
558 1973 697 2037 homines
707 1995 803 2036 unum
817 1973 848 2034 in
862 1976 964 2036 locum
975 1994 1153 2053 congregare

145 2082 198 2131 aut
212 2091 230 2131 a
244 2071 305 2132 iera
318 2070 485 2149 agrestique
499 2071 560 2133 vita
572 2074 612 2133 ad
626 2073 708 2133 hunc
719 2073 885 2132 humanum
896 2074 1010 2132 cultum
1024 2072 1155 2133 civilem·

146 2187 207 2244 que
229 2169 379 2228 deducere
402 2179 455 2229 aut
477 2168 538 2230 iam
560 2168 730 2231 constitutis
750 2167 920 2229 civitatibus
941 2171 1021 2246 leges
1041 2168 1153 2231 iudicia

105 2286 133 2322 ao
147 2263 211 2325 iura
223 2263 416 2325 describere?
457 2268 504 2327 Ac
524 2286 564 2326 ne
584 2267 677 2344 plura,
693 2285 771 2344 quae
791 2277 861 2327 sunt
875 2286 972 2343 paene
985 2265 1153 2329 innumera·
1166 2290 1199 2340 34

147 2360 226 2436 bilia,
254 2373 418 2436 consecter,
447 2365 702 2441 comprehendam
729 2363 829 2424 brevi:
863 2363 907 2424 sic
934 2363 1016 2424 enim
1043 2376 1151 2438 statuo,

146 2457 269 2536 perfecti
290 2458 414 2520 oratoris
436 2460 643 2533 moderatione
664 2473 695 2521 et
710 2459 857 2538 sapientia
869 2480 932 2522 non
947 2463 1046 2522 solum
1060 2456 1153 2539 ipsius

146 2555 331 2634 dignitatem,
347 2559 402 2618 sed
421 2568 451 2618 et
470 2557 651 2636 privatorum
672 2558 868 2639 plurimorum
887 2570 920 2619 et
937 2558 1092 2620 universae
1110 2558 1153 2620 rei

147 2653 285 2731 publicae
299 2656 426 2716 salutem
441 2654 737 2741 maximeahcontineri.
785 2657 886 2732 Quam
897 2657 939 2716 ob
952 2677 1016 2717 rem
1029 2656 1151 2734 pergite,

105 2771 133 2822 ²5
147 2761 181 2811 ut
200 2751 303 2826 facitis,
323 2754 540 2827 adulescentes,
554 2764 646 2831 atque
667 2753 698 2813 in
721 2752 754 2815 id
775 2753 917 2827 studium,
933 2752 965 2813 in
986 2773 1049 2832 quo
1070 2755 1150 2830 estis,

147 2846 321 2922 incumbite,
349 2862 383 2910 ut
410 2862 440 2911 et
467 2850 554 2912 vobis
582 2851 689 2913 honori
717 2862 747 2912 et
773 2849 878 2911 amieis
903 2850 1024 2911 ‘utilitati
1051 2863 1082 2911 et
1109 2850 1152 2912 rei

147 2946 286 3024 publicae
300 2950 505 3011 emolumento
520 2969 586 3010 esse
600 2948 737 3027 possitis!
764 2950 845 3009 Tum
859 2950 1003 3009 Scaevola
1016 2949 1149 3023 comiter,
1165 2929 1187 2989 9

147 3055 181 3104 ut
208 3044 332 3118 solebat,
355 3049 486 3107 ‘cetera’
510 3045 607 3124 inquit
633 3045 801 3107 ‘adsentior
824 3047 942 3119 Crasso,
967 3066 1007 3106 ne
1033 3058 1085 3107 aut
1112 3049 1152 3108 de
1167 3020 1196 3070 ³⁵

149 3141 183 3202 C.
201 3141 283 3202 Laeli
297 3142 393 3204 soceri
407 3143 467 3204 mei
480 3155 533 3205 aut
546 3146 585 3205 de
604 3143 693 3204 huius
711 3141 812 3221 generi
832 3153 884 3202 aut
903 3155 967 3203 arte
986 3153 1039 3203 aut
1059 3142 1153 3221 gloria

101 3263 136 3314 30
148 3238 322 3313 detraham
351 3240 405 3300 sed
426 3239 477 3300 illa
498 3242 570 3314 duo,
586 3242 701 3314 Crasse,
716 3259 820 3300 vereor
837 3250 870 3299 ut
887 3238 942 3299 tibi
956 3240 1069 3317 possim
1082 3260 1153 3302 con-

148 3335 272 3396 cedere:
293 3356 397 3410 unum,
413 3339 497 3415 quod
510 3338 550 3397 ab
564 3335 730 3399 oratoribus
744 3334 877 3396 civitates
896 3347 927 3395 et
940 3334 1026 3397 initio
1044 3336 1153 3398 consti-

148 3443 227 3493 tutas
240 3444 270 3493 et
284 3452 374 3512 saepe
388 3445 577 3495 conservatas
590 3453 656 3495 esse
670 3431 777 3505 dixisti,
792 3434 926 3505 alterum,
938 3434 1022 3509 quod
1035 3445 1152 3496 remoto

182 3587 241 3637 d!-
249 3587 305 3638 HE
402 3604 416 3652 7
434 3590 536 3653 integer
546 3589 646 3640 Vassis:
663 3590 777 3652 integros
786 3586 833 3638 Me
856 3589 987 3649 improbos
998 3587 1037 3638 L:
1049 3589 1153 3650 integer

149 3669 209 3704 reos
223 3653 305 3704 Der'ter
372 3654 604 3707 taiadicendod!
672 3657 701 3704 ιθ
717 3654 830 3703 adhunc
843 3651 921 3704 M‘L:
940 3655 1151 3705 inhuncmmc.

150 3734 183 3769 ao
199 3719 338 3770 discribere
350 3719 419 3770 H¹R
