2648 4216
477 248 520 307 M.
543 247 671 307 TVLLI
694 245 927 308 CICERONIS

199 413 334 476 medium
355 433 453 475 rerum
473 412 610 474 omnium
631 424 782 473 certamen
802 424 894 490 atque
912 411 1082 488 discrimen,
1097 424 1128 475 et
1145 415 1207 476 hoc

199 525 319 589 tempus
338 531 429 572 omne
446 522 515 588 post
535 512 724 571 consulatum
743 509 910 571 obiecimus
929 510 972 572 eis
989 511 1138 585 fluctibus,
1153 511 1207 590 qui

199 630 253 688 per
267 630 322 670 nos
336 629 355 669 a
368 607 522 669 communi
540 619 625 685 peste
639 607 756 685 depulsi
775 607 806 666 in
823 619 942 668 nosmet
960 607 1043 686 ipsos
1059 609 1208 672 redunda-

200 717 273 768 rent.
316 707 377 766 Sed
391 705 537 765 tamenin
551 704 597 766 his
610 707 658 764 vel
672 703 880 782 asperitatibus
894 725 992 765 rerum
1006 708 1053 766 vel
1061 707 1206 784 angustiis

200 802 343 880 temporis
357 803 506 879 obsequar
525 801 630 862 studiis
644 801 753 862 nostris
772 813 802 862 et
816 813 963 879 quantum
976 801 1051 862 mihi
1064 806 1112 863 vel
1126 806 1207 865 fraus
1220 826 1235 876 5

200 899 389 960 inimicorum
410 900 459 959 vel
482 918 590 960 causae
616 898 782 959 amicorum
804 899 852 958 vel
879 918 925 958 res
949 898 1072 976 publica
1095 899 1206 962 tribuet

169 1027 186 1075 4
201 997 252 1071 oti,
267 999 307 1058 ad
326 996 518 1077 scribendum
537 995 726 1074 potissimum
745 997 917 1070 conferam3
941 995 996 1055 tibi
1012 1016 1091 1069 vero,
1107 999 1205 1070 frater,

200 1115 299 1171 neque
313 1093 442 1155 hortanti
462 1093 553 1154 deero
568 1112 666 1170 neque
685 1091 808 1170 roganti,
825 1113 896 1153 nam
913 1113 1012 1169 neque
1030 1094 1206 1155 auctoritate

200 1190 359 1268 quisquam
379 1192 461 1268 apud
482 1210 531 1251 me
551 1192 618 1267 plus
637 1192 734 1250 valere
755 1201 785 1250 te
806 1201 905 1266 potest
924 1209 1023 1266 neque
1041 1193 1203 1252 voluntate.

166 1291 247 1348 aAe
261 1287 334 1348 mihi
348 1289 512 1366 repetenda
525 1299 569 1348 est
582 1286 689 1348 veteris
704 1285 860 1347 cuiusdam
880 1287 1041 1347 memoriae
1056 1308 1118 1348 non
1133 1309 1206 1349 sane
1222 1314 1252 1350 10

201 1385 271 1446 satis
288 1385 433 1463 explicata
451 1384 626 1458 recordatio,
642 1386 705 1458 sed,
721 1395 754 1444 ut
772 1383 904 1458 arbitror,
920 1395 991 1461 apta
1008 1386 1048 1445 ad
1065 1384 1105 1458 id,
1121 1388 1206 1462 quod

200 1481 332 1560 requiris,
361 1494 394 1543 ut
421 1502 586 1560 cognoscas
614 1501 692 1560 quae
718 1479 773 1540 viri
799 1480 936 1541 omnium
968 1481 1206 1559 eloquentissimi

171 1602 185 1651 5
201 1579 415 1657 clarissimique
429 1579 574 1640 senserint
591 1580 630 1639 de
644 1577 728 1639 omni
744 1577 859 1639 ratione
872 1578 1001 1639 dicendi.
1044 1579 1099 1640 Vis
1113 1579 1204 1654 enim,

201 1688 234 1737 ut
251 1676 324 1737 mihi
343 1697 433 1754 saepe
452 1675 560 1750 dixisti,
578 1675 730 1753 quoniam,
749 1695 827 1753 quae
845 1675 944 1752 pueris
962 1687 1014 1735 aut
1032 1676 1206 1739 adulescen-

200 1773 269 1835 tulis
296 1773 385 1835 nobis
412 1794 450 1834 ex
476 1773 728 1835 commentariolis
756 1771 864 1833 nostris
891 1771 1032 1833 incohata
1059 1794 1095 1834 ac
1119 1775 1206 1837 rudia
1220 1799 1249 1851 15

200 1871 381 1944 exciderunt,
397 1869 446 1931 vix
463 1878 534 1930 sunt
546 1873 603 1930 hac
621 1881 718 1931 aetate
737 1868 828 1946 digna
846 1879 875 1929 et
894 1869 954 1929 hoc
972 1889 1037 1943 usu,
1056 1889 1147 1947 quem
1168 1893 1205 1932 ex

200 1967 306 2041 causis,
322 1987 396 2044 quas
415 1967 553 2042 diximus,
568 1977 613 2029 tot
627 1965 777 2044 tantisque
794 1965 948 2027 consecuti
962 1986 1074 2040 sumus,
1090 1967 1205 2046 aliquid

200 2063 314 2125 eisdem
336 2066 376 2125 de
403 2065 492 2125 rebus
519 2063 641 2142 politius
664 2083 683 2123 a
706 2062 794 2124 nobis
822 2062 1041 2140 perfectiusque
1063 2064 1186 2140 proferri
1196 2086 1205 2140 ;

199 2162 338 2239 solesque
357 2182 420 2222 non
438 2181 605 2240 numquam
624 2162 681 2222 hac
700 2161 740 2222 de
758 2180 790 2221 re
803 2180 822 2220 a
836 2179 885 2220 me
899 2159 931 2219 in
951 2159 1204 2236 disputationibus

199 2257 307 2319 nostris
345 2258 510 2332 dissentire,
543 2259 628 2337 quod
657 2277 714 2336 ego
746 2256 1013 2319 eruditissimorum
1044 2257 1203 2319 hominum
1219 2282 1250 2318 ιο

198 2355 310 2416 artibus
330 2356 534 2434 eloquentiam
555 2354 702 2417 contineri
725 2367 862 2427 statuam,
885 2365 919 2414 tu
939 2365 1040 2414 autem
1061 2353 1142 2416 illam
1164 2356 1205 2417 ab

199 2453 346 2531 elegantia
364 2453 518 2515 doctrinae
532 2456 745 2532 segregandam
763 2464 850 2530 putes
865 2462 895 2512 et
909 2450 940 2511 in
955 2452 1088 2530 quodam
1102 2452 1204 2531 ingeni

198 2562 289 2628 atque
303 2551 520 2613 exercitationis
534 2570 643 2629 genere
656 2552 837 2629 ponendam.
880 2605 881 2608 ,

168 2661 183 2711 6
239 2652 286 2709 Ac
307 2648 380 2709 mihi
401 2648 525 2727 quidem
546 2667 781 2726 saepenumero
801 2647 833 2706 in
854 2666 989 2707 summos
1010 2646 1148 2708 homines
1167 2668 1204 2708 ac

198 2746 323 2807 summis
342 2746 469 2824 ingeniis
486 2745 637 2824 praeditos
655 2744 784 2806 intuenti
802 2745 1007 2822 quaerendum
1026 2764 1092 2804 esse
1105 2745 1203 2806 visum
1220 2771 1248 2822 ²5

198 2855 243 2904 est
257 2844 331 2921 quid
345 2855 423 2905 esset
442 2864 494 2904 cur
507 2846 606 2921 plures
620 2842 651 2903 in
663 2842 803 2903 omnibus
817 2842 906 2902 rebus
921 2860 1012 2918 quam
1026 2840 1058 2900 in
1072 2840 1203 2904 dicendo

197 2940 388 3001 admirabiles
401 2939 599 3014 exstitissent;
620 2960 690 3000 nam
710 2958 903 3017 quocumque
917 2949 947 2998 te
965 2937 1067 2998 animo
1081 2949 1111 2998 et
1125 2938 1204 3017 cogi-

198 3037 311 3099 tatione
329 3037 517 3110 converteris,
533 3039 697 3114 permultos
717 3035 887 3097 excellentis
901 3034 933 3095 in
953 3053 1075 3112 quoque
1094 3054 1203 3112 genere

196 3133 313 3195 videbis
337 3155 400 3195 non
427 3133 623 3194 mediocrium
650 3132 766 3207 artium,
793 3134 847 3194 sed
874 3152 969 3210 prope
996 3131 1200 3194 maximarum.
1278 3144 1286 3164 ⁶

169 3257 182 3310 ς
197 3231 274 3308 Quis
296 3232 377 3292 enim
396 3243 441 3294 est
460 3232 521 3310 qui,
541 3232 566 3293 si
584 3235 732 3293 claromm
749 3231 907 3293 hominum
926 3230 1082 3292 scientiam
1102 3251 1201 3292 rerum
1216 3254 1249 3302 30

196 3342 345 3410 gestarum
372 3332 421 3391 vel
448 3329 574 3390 utilitate
600 3331 648 3390 vel
675 3328 881 3407 magnitudine
909 3327 1006 3389 metiri
1032 3327 1112 3401 velit,
1138 3348 1202 3389 non

195 3438 360 3506 anteponat
376 3427 485 3489 oratori
503 3426 734 3505 imperatorem?
775 3426 853 3503 Quis
871 3437 972 3487 autem
990 3424 1109 3487 dubitet
1127 3426 1202 3504 quin

229 3583 359 3634 M=HE
454 3548 633 3633 aeisom.M
696 3580 921 3642 4hiereisM
986 3579 1206 3631 rosaneom.M

200 3666 229 3708 ῐ4
246 3651 371 3711 quaedam
383 3645 541 3698 Lambinus:
556 3648 676 3712 expuunt
688 3646 788 3698 Ellmdt
941 3650 972 3696 16
988 3654 1049 3697 sunt
1060 3646 1118 3697 add.
1127 3646 1211 3709 Sorof

198 3718 231 3765 26
247 3716 324 3764 rebus
335 3712 368 3762 M
374 3729 381 3763 ε
397 3713 530 3763 artibusL
578 3717 580 3720 ⁴
628 3714 661 3762 aa
678 3727 840 3774 quocumque
851 3711 885 3765 M
1216 3759 1220 3763 ,
