2648 4216
404 256 409 268 ⁹
444 266 503 327 oa
524 256 744 329 oraroxu·
775 269 827 330 111
1140 275 1212 348 'aa

122 425 208 511 quasi
235 433 349 494 formae
375 433 546 512 figuraeque
569 433 699 507 dicendi,
723 423 823 513 specie
850 436 991 515 dispares,
1019 448 1129 518 genere

122 529 296 603 laudabiles,
311 550 375 591 non
395 550 485 610 posse
505 551 549 605 ea,
569 549 647 610 quae
667 531 746 593 inter
766 553 798 594 se
818 532 999 613 discrepant,
1013 534 1128 597 eisdem

121 626 288 705 praeceptis
309 639 400 706 atque
421 647 483 690 una
501 627 689 690 institutione
713 629 841 690 formari.
885 633 979 707 Quod
1000 644 1068 693 non¹
1083 641 1130 702 est
1143 649 1174 700 35

122 722 171 796 ita,
197 723 484 803 diligentissimeque
510 725 570 786 hoc
594 735 640 787 est
667 723 718 800 eis,
745 726 798 805 qui
825 727 984 791 instituunt
1010 729 1153 808 aliquos

94 839 109 889 5
121 832 213 899 atque
226 821 374 895 erudiunt,
386 821 560 896 videndum,
572 839 634 902 quo
648 835 703 885 sua
716 844 868 903 quemque
882 837 986 887 natura
1000 826 1129 889 maxime

122 921 197 980 serre
211 918 353 980 videatur.
390 919 512 980 Etenim
526 919 664 982 ridemus
677 941 714 982 ex
728 923 836 983 eodem
851 922 936 1001 quasi
950 924 1024 985 ludo
1038 920 1130 1005 [sum-

123 1036 241 1077 momm
262 1015 293 1076 in
314 1036 370 1078 suo
390 1016 536 1096 cuiusque
556 1037 665 1096 genere
684 1018 832 1080 artificum
853 1031 884 1080 et
908 1015 1128 1103 magistrorum]

122 1113 218 1200 exisse
239 1113 403 1193 discipulos
425 1114 577 1176 dissimilis
601 1114 679 1177 inter
705 1136 737 1177 se
758 1128 795 1178 ac
822 1126 923 1178 tamen
950 1119 1127 1192 laudandos,

122 1231 193 1273 cum
220 1213 261 1272 ad
288 1210 433 1290 cuiusque
460 1222 597 1273 naturam
626 1212 773 1274 institutio
800 1215 931 1276 doctoris
958 1235 1128 1277 accommo-

79 1328 110 1365 ιο
123 1311 249 1370 daretur.
292 1308 387 1372 Cuius
401 1320 446 1371 est
459 1312 507 1370 vel
524 1310 653 1373 maxime
673 1311 789 1390 insigne
807 1313 881 1374 illud
900 1315 1078 1391 exemplum,
1093 1323 1127 1373 ut
1141 1318 1174 1383 3⁶

122 1418 235 1468 ceteras
248 1406 318 1468 artis
332 1406 514 1482 omittamus,
525 1409 609 1486 quod
623 1408 743 1471 dicebat
755 1412 901 1471 Isocrates
912 1411 1017 1471 doctor
1031 1410 1128 1488 singu·

122 1504 191 1565 laris
208 1525 241 1567 se
258 1505 423 1566 calcaribus
440 1504 472 1566 in
486 1507 618 1584 Ephoro,
630 1518 740 1568 'contra
758 1518 859 1567 autem
880 1507 912 1568 in
926 1508 1129 1586 Theopompo

123 1603 214 1663 frenis
243 1602 288 1663 uti
319 1605 438 1664 solerer
474 1607 600 1665 alterum
633 1604 714 1664 enim
745 1607 942 1667 exsultantem
969 1606 1128 1667 verborum

123 1700 250 1761 audacia
269 1701 449 1779 reprimebat
469 1704 595 1763 alterum
620 1712 812 1764 cunctantem
833 1714 863 1764 et
884 1703 969 1782 quasi
990 1719 1129 1764 verecun-

80 1813 111 1866 15
124 1799 247 1859 dantem
269 1797 420 1859 incitabat
464 1801 573 1878 Neque
593 1818 647 1861 eos
670 1799 775 1861 similis
795 1800 893 1861 effecit
914 1800 991 1862 inter
1010 1819 1051 1873 se,
1074 1801 1128 1861 sed

124 1906 241 1955 tantum
260 1895 344 1956 alteri
364 1895 497 1970 adfinxit,
513 1897 552 1957 de
572 1897 667 1959 altero
687 1896 809 1970 limavit,
825 1909 858 1959 ut
879 1897 910 1958 id
929 1888 1128 1959 conformaret

123 1991 156 2052 in
170 2004 305 2070 utroque,
317 1994 402 2071 quod
415 1992 569 2072 utriusque
583 2005 689 2055 natura
701 2005 858 2072 pateretur.
901 1997 988 2057 Haec
1002 2015 1040 2057 eo
1054 1994 1128 2055 mihi
1143 1969 1180 2013 ¹⁰

124 2089 325 2166 praedicenda
337 2091 464 2164 fuerunt,
476 2101 517 2163 ut,
531 2094 555 2151 si
569 2111 632 2152 non
647 2092 756 2166 omnia,
770 2112 848 2171 quae
861 2104 1098 2171 proponerentur
1111 2108 1130 2155 a
1143 2058 1175 2110 ³⁷

125 2206 185 2262 me,
198 2189 239 2248 ad
252 2187 388 2248 omnium
402 2199 533 2249 vestrum
547 2189 681 2251 studium
695 2201 726 2251 et
739 2191 779 2251 ad
792 2211 887 2268 genus
901 2191 943 2266 id,
954 2193 1038 2269 quod
1052 2191 1131 2270 quis·
1146 2200 1149 2206 ’

80 2303 112 2338 ²0
125 2304 186 2363 que
201 2296 333 2346 vestrum
351 2285 384 2347 in
403 2285 535 2348 dicendo
553 2288 700 2366 probaret,
718 2290 973 2362 adhaerescerent,
989 2289 1021 2350 id
1041 2308 1060 2349 a
1080 2309 1130 2351 me

124 2401 219 2462 genus
232 2383 357 2462 exprimi
370 2383 525 2457 sentiretis,
541 2385 625 2462 quod
643 2384 771 2446 maxime
788 2385 861 2445 mihi
876 2385 932 2464 ipsi
946 2387 1127 2464 probaretur.

165 2482 246 2558 Ergo
270 2482 345 2541 haec
368 2492 399 2542 et
420 2483 537 2560 agenda
558 2488 628 2542 sunt
655 2482 695 2542 ab
720 2492 843 2556 oratore,
867 2502 945 2561 quae
973 2481 1129 2560 explicavit

60 2638 63 2643 .
123 2578 284 2653 AntoniuS,
307 2589 338 2640 et
360 2579 489 2641 dicenda
516 2582 649 2659 quodam
675 2581 775 2642 modo.
820 2579 953 2656 Quinam
977 2580 1065 2658 igitur
1086 2581 1129 2641 di-

122 2676 213 2739 cendi
227 2688 272 2739 est
285 2679 395 2739 modus
409 2678 521 2753 melior,
536 2698 607 2738 nam
628 2681 668 2740 de
688 2678 807 2740 actione
827 2690 895 2758 post
909 2678 1020 2752 videro,
1036 2698 1127 2757 quarn

80 2790 111 2842 25
124 2785 158 2835 ut
171 2774 286 2849 Latine,
302 2786 336 2835 ut
349 2778 447 2856 plane,
458 2787 492 2836 ut
505 2786 617 2850 ornate,
633 2787 666 2836 ut
679 2777 720 2836 ad
734 2775 774 2850 id,
787 2777 1001 2854 quodcumque
1015 2787 1126 2854 agetur,

122 2884 193 2953 apte
206 2885 463 2953 congruenterque
476 2873 634 2936 dicamus?
667 2878 769 2952 Atque
783 2894 887 2935 eorum
902 2873 1034 2952 quidem,
1050 2893 1127 2952 quac
1141 2884 1172 2945 38

123 2973 187 3033 duo
202 2972 299 3052 prima
316 2972 385 3047 dixi,
401 2972 547 3033 rationem
568 2992 631 3033 non
646 2972 772 3034 arbitror
790 2971 953 3052 exspectari
966 2991 985 3031 a
999 2991 1048 3032 me
1061 2970 1128 3050 puri

123 3070 308 3149 dilucidique
334 3069 487 3145 sermonis,
513 3092 614 3149 neque
640 3071 721 3131 enim
749 3090 894 3132 conamur
921 3071 1030 3130 docere
1057 3089 1127 3131 eum

123 3168 230 3240 dicere,
261 3168 314 3247 qui
340 3169 423 3248 loqui
451 3169 583 3245 nesciat;
617 3189 675 3229 nec
701 3189 827 3247 sperare,
853 3168 906 3247 qui
933 3162 1041 3228 Latine
1065 3186 1127 3228 non

79 3288 112 3338 ³0
123 3265 226 3342 possit,
249 3267 331 3327 hunc
353 3277 457 3328 ornate
477 3286 543 3328 esse
567 3265 716 3328 dicturum
727 3286 736 3340 3
763 3285 863 3344 neque
886 3285 966 3339 vero,
989 3264 1041 3343 qui
1065 3283 1127 3324 non

123 3362 204 3424 dicat
214 3366 297 3442 quod
308 3363 521 3443 intellegamus,
534 3365 616 3424 hunc
629 3383 719 3443 posse
729 3364 812 3442 quod
825 3362 1008 3425 admiremur
1018 3361 1125 3424 dicere.

123 3462 309 3540 Linquamus
330 3461 417 3540 igitur
436 3462 520 3536 haec,
542 3481 620 3540 quae
640 3459 843 3540 cognitionem
863 3461 977 3521 habent
997 3460 1124 3536 facilem,

158 3619 189 3667 1⁶
205 3617 378 3668 conformaret
396 3615 466 3667 codd.
482 3617 573 3681 pauci:
601 3618 765 3668 confirmaret
784 3615 852 3666 codd.
866 3617 974 3680 plun'mr
1091 3617 1125 3666 ab

121 3682 285 3746 lucidiqueL
347 3734 349 3737 ,
384 3698 417 3744 ²9
433 3697 568 3746 speramus
581 3683 722 3732 Lambinus
