2648 4216
455 281 514 341 DE
535 278 741 344 ORATORE
785 281 800 342 l
849 297 853 306 ·
1146 297 1188 359 4ο
1202 294 1247 361 187

128 447 310 524 meminisse,
324 469 420 528 agere,
438 448 567 527 †ignota
580 451 735 527 quondam
754 450 895 513 omnibus
909 462 939 513 et
953 451 1061 514 diffusa
1074 454 1134 514 late

127 545 313 607 videbantur.
357 544 504 607 Adhibita
517 558 562 608 est
576 545 664 624 igitur
676 567 723 607 ars
738 549 886 626 quaedam
900 548 1082 610 extrinsecus
1096 569 1133 610 ex
1151 559 1197 608 188

127 642 187 704 alio
200 662 309 721 genere
329 645 472 722 quodam,
487 646 572 722 quod
590 643 647 704 sibi
664 655 760 705 totum
775 644 946 723 philosophi
960 647 1131 720 adsumunt,

128 759 205 818 quae
225 760 289 801 rem
309 740 486 802 dissolutam
507 741 715 819 divulsamque
736 742 951 819 conglutinaret
971 755 1001 804 et
1020 743 1134 804 ratione

99 838 260 915 squadam
284 837 506 915 constringeret.
550 836 594 898 Sit
618 857 688 915 ergo
716 837 747 898 in
775 838 837 899 iure
865 838 943 900 civili
971 838 1038 900 finis
1065 839 1133 901 hic:

129 933 278 1011 legitimae
298 946 390 1013 atque
408 935 534 996 usitatae
552 935 584 995 in
598 936 687 996 rebus
701 935 858 1014 causisque
872 935 982 997 civium
995 937 1134 1015 aequabi-

129 1030 219 1092 litatis
237 1031 431 1093 conservatio.
474 1035 555 1093 Tum
570 1045 640 1094 sunt
654 1035 788 1094 notanda
800 1053 909 1111 genera
922 1046 952 1095 et
965 1036 1006 1095 ad
1019 1045 1133 1095 certum
1150 1045 1196 1110 189

129 1149 288 1190 numerum
311 1129 552 1208 paucitatemque
574 1132 749 1191 revocanda
793 1133 897 1193 Genus
918 1131 1064 1193 autemid
1078 1142 1132 1206 est,

129 1227 214 1305 quod
235 1225 282 1287 sui
304 1226 408 1288 similis
431 1227 646 1289 communione
665 1230 804 1307 quadam,
819 1228 919 1307 specie
937 1240 1038 1290 autem
1052 1228 1135 1290 diffe-

84 1323 229 1396 rorentis,
254 1326 330 1385 duas
351 1334 403 1385 aut
425 1324 517 1403 pluris
540 1324 748 1402 complectitur
769 1325 878 1404 partis3
907 1338 1005 1404 partes
1032 1337 1133 1387 autem

128 1432 207 1494 sunt,
231 1441 309 1498 quae
332 1421 490 1499 generibus
512 1422 564 1495 eis,
585 1443 621 1483 ex
643 1422 752 1500 quibus
775 1434 905 1496 manant,
929 1422 1135 1497 subiciuntur3

129 1516 299 1595 omniaque,
325 1537 403 1596 quae
430 1528 500 1579 sunt
527 1520 574 1579 vel
601 1539 743 1597 generum
771 1521 818 1580 vel
845 1518 973 1597 partium
1000 1519 1132 1593 nomina,

128 1613 363 1688 definitionibus,
387 1635 478 1693 quarn
500 1615 561 1676 vim
583 1616 723 1688 habeant,
746 1627 791 1676 est
812 1614 1039 1693 exprimendum
1051 1637 1059 1688 ς
1089 1625 1134 1676 est

129 1711 210 1772 enirn
234 1710 369 1772 definitio
391 1732 489 1773 rerum
514 1733 625 1786 earum,
648 1732 726 1790 quae
747 1724 817 1773 sunt
837 1711 902 1774 eius
924 1711 966 1773 rei
988 1711 1132 1791 propriae,

87 1833 115 1881 ¹5
129 1827 221 1886 quarn
245 1807 369 1869 definire
391 1810 538 1882 volumus,
567 1808 664 1869 brevis
688 1819 718 1869 et
740 1808 962 1886 circumscripta
985 1810 1134 1886 quaedam

129 1905 295 1983 explicatio.
353 1905 449 1966 Hisce
476 1925 533 1983 ego
560 1906 649 1966 rebus
677 1907 813 1983 exempla
839 1904 1042 1983 adiungerem,
1077 1903 1134 1965 nisi
1150 1921 1198 1973 190

128 2003 211 2079 apud
235 2021 312 2079 quos
335 2003 411 2063 haec
434 2003 593 2063 haberetur
619 2002 714 2063 oratio
742 2021 912 2077 cernerem3
946 2022 1028 2062 nunc
1054 2021 1135 2062 conr·

130 2100 250 2177 plectar,
274 2101 359 2178 quod
386 2099 536 2178 proposui,
566 2100 666 2162 brevi:
695 2100 721 2162 si
748 2099 829 2161 enim
856 2110 908 2161 aut
936 2099 1010 2160 mihi
1038 2102 1135 2161 facere

131 2195 254 2268 licuerit,
277 2197 361 2274 quod
383 2195 442 2257 iarn
467 2196 519 2258 diu
542 2196 650 2275 cogito,
673 2208 724 2258 aut
745 2195 821 2257 alius
843 2195 991 2274 quispiam
1013 2207 1064 2256 aut
1086 2214 1135 2257 me

86 2320 118 2355 20
131 2291 277 2370 impedito
300 2292 453 2370 occuparit
474 2303 526 2355 aut
549 2305 668 2355 mortuo
689 2292 827 2366 effecerit,
843 2304 876 2354 ut
895 2292 1024 2371 primurn
1043 2312 1135 2353 omne

131 2388 178 2450 ius
202 2389 288 2450 civile
312 2389 343 2449 in
365 2409 474 2467 genera
502 2389 622 2468 digerat,
648 2409 726 2468 quae
747 2409 897 2467 perpauca
920 2400 998 2462 sunt,
1024 2388 1135 2450 deinde

131 2506 234 2548 eorum
258 2507 401 2565 generum
429 2487 515 2566 quasi
543 2489 692 2567 quaedam
720 2488 855 2548 membra
882 2485 1044 2564 dispertiat,
1070 2497 1134 2546 tum

130 2584 280 2663 propriam
311 2585 457 2664 cuiusque
492 2586 552 2646 vim
590 2585 765 2646 definitione
801 2586 939 2657 declaret,
973 2586 1134 2661 perlectam

130 2693 224 2743 artem
246 2682 317 2744 iuris
339 2683 433 2745 civilis
455 2683 612 2757 habebitis,
634 2682 727 2760 magis
747 2701 885 2759 magnam
903 2692 994 2759 atque
1011 2680 1134 2741 uberem

88 2800 117 2851 ²⁵
132 2799 222 2856 quam
246 2779 398 2840 difficilem
411 2792 451 2855 et
473 2781 639 2842 obscuram.
682 2783 783 2858 Atque
804 2779 916 2839 interea
936 2789 1046 2850 tamen,
1061 2778 1134 2838 dum
1151 2802 1195 2856 ¹9¹

131 2876 214 2948 haec,
236 2895 314 2954 quae
342 2876 475 2955 dispersa
498 2889 576 2950 sunt,
601 2889 755 2954 coguntur,
780 2878 827 2937 vel
851 2873 963 2953 passim
985 2873 1054 2935 licet
1076 2893 1136 2943 car-

131 2984 252 3050 pentem
275 2986 305 3035 et
327 2975 527 3052 conligentem
551 2974 685 3053 undique
709 2973 814 3052 repleri
842 2972 920 3033 iusta
943 2971 1013 3032 iuris
1042 2970 1135 3032 civilis

131 3069 262 3130 scientia
314 3073 426 3133 Nonne
453 3070 560 3133 videtis
595 3071 727 3149 equitem
762 3073 944 3142 Romanum,
980 3068 1135 3130 hominem
1147 3081 1188 3142 43

130 3166 303 3229 acutissimo
335 3168 471 3231 omnium
499 3168 629 3246 ingenio,
657 3170 712 3229 sed
739 3167 863 3229 minime
890 3165 996 3229 ceteris
1022 3165 1135 3227 artibus

84 3287 119 3336 3⁰
131 3265 291 3340 eruditum,
307 3269 341 3329 C.
357 3270 553 3342 Aculeonem,
569 3267 621 3345 qui
640 3287 759 3329 mecum
773 3266 845 3328 vivit
863 3285 1041 3345 semperque
1054 3262 1134 3337 vixit,

132 3361 174 3426 ita
186 3373 288 3424 tenere
301 3363 348 3425 ius
361 3364 456 3439 civile,
469 3375 501 3426 ut
515 3365 552 3438 ei,
568 3385 638 3426 cum
651 3365 692 3424 ab
705 3366 765 3425 hoc
779 3363 981 3437 discesseritis,
992 3382 1083 3424 nemo
1096 3363 1136 3422 de

166 3517 199 3566 Μ
210 3542 230 3560 =
243 3518 275 3567 H
351 3535 362 3567 r
376 3521 464 3581 ignota
475 3519 541 3569 codd.
554 3519 660 3568 uitiata
671 3524 853 3583 temptaverunt
908 3519 1036 3581 quondam
1048 3516 1114 3568 cadet
1127 3533 1134 3567 t

133 3584 243 3646 quodam
256 3583 498 3634 modoHameclaer:
514 3582 675 3647 quodamH¹
787 3600 803 3632 a
820 3600 853 3634 ex
865 3599 915 3633 om.
929 3582 962 3631 Μ
985 3607 988 3610 ·
1044 3599 1075 3644 ¹9
1092 3583 1136 3633 diu

132 3663 183 3698 om.
197 3648 230 3697 Μ
309 3665 340 3700 ar
358 3664 483 3711 generum
501 3649 585 3699 codd:
603 3664 701 3712 genere
723 3648 756 3698 H
760 3667 767 3701 ε
784 3665 833 3699 om.
852 3649 874 3699 L
960 3650 994 3696 2⁶
1012 3653 1137 3710 cogantur

133 3713 235 3763 Ernesti
298 3729 329 3777 27
348 3715 493 3767 lusitanae:
511 3714 586 3769 istam
597 3712 645 3765 Ha
662 3715 748 3765 istam
