2648 4216
462 248 521 309 DE
541 247 748 310 ORATORE
791 246 808 305 1

134 416 291 479 doctrinae
314 418 467 496 quendam
491 415 629 478 ordinem
652 428 888 494 praeceptorum,
916 419 969 479 sed
994 437 1038 492 ea,
1062 436 1142 496 quae

134 517 291 592 quondam
304 515 408 594 accepi
422 515 454 576 in
469 526 638 576 nostrorum
652 514 810 575 hominum
828 515 1141 592 eloquentissimorum

134 621 167 670 et
180 611 263 672 omni
277 611 422 690 dignitate
434 611 604 690 principum
621 611 824 688 disputatione
842 631 908 672 esse
924 624 1040 672 versata
1048 633 1057 687 ;
1078 632 1141 672 non

134 726 198 784 quo
216 707 267 769 illa
287 720 489 781 contemnam,
511 727 589 784 quae
612 707 719 769 Graeci
744 707 865 768 dicendi
886 707 1013 769 artifices
1035 719 1065 768 et
1089 708 1144 769 do-

104 815 233 873 5ctores
246 804 437 882 reliquemnt,
452 806 506 866 sed
523 825 593 865 curn
608 805 658 865 illa
676 816 797 882 pateant
813 804 845 865 in
863 817 1065 883 promptuque
1081 807 1142 868 sint

134 901 286 975 omnibus,
311 922 411 979 neque
438 923 475 962 ea
498 901 741 978 interpretatione
768 922 836 962 mea
858 914 911 963 aut
938 902 1070 964 ornatius
1093 924 1143 965 ex-

134 998 239 1077 plicari
265 1009 317 1060 aut
343 998 462 1077 planius
490 998 614 1076 exprimi
642 999 767 1077 possint,
792 998 879 1060 dabis
906 1002 985 1061 hanc
1011 1001 1141 1076 veniam,

135 1095 178 1157 mi
194 1099 290 1170 frater,
306 1108 339 1157 ut
358 1095 474 1173 opinor,
490 1108 523 1156 ut
542 1117 655 1170 eorum,
670 1096 781 1174 quibus
799 1117 918 1157 summa
935 1097 1057 1159 dicendi
1076 1101 1142 1160 laus

134 1214 154 1254 a
186 1193 294 1255 nostris
325 1193 500 1255 hominibus
527 1213 672 1255 concessa
701 1205 755 1268 est,
784 1194 990 1256 auctoritatem
1018 1195 1141 1258 Graecis

88 1313 121 1351 ιο
135 1302 326 1369 anteponam
1065 1347 1068 1355 .

176 1390 256 1451 Cum
270 1388 358 1467 igitur
371 1388 578 1451 vehementius
592 1387 780 1450 inveheretur
793 1389 824 1450 in
839 1411 960 1451 causam
970 1390 1139 1468 principum
1152 1363 1172 1426 ⁷

135 1487 241 1545 consul
262 1484 418 1562 Philippus
440 1485 592 1563 Drusique
612 1485 779 1547 tribunatus
800 1506 854 1563 pro
874 1499 995 1548 senatus
1015 1487 1137 1549 auctori·
1154 1457 1186 1507 ²⁴

134 1592 196 1642 tate
210 1592 365 1659 susceptus
379 1581 498 1660 infringi
512 1582 572 1643 iarn
588 1582 798 1660 debilitarique
816 1583 972 1657 videretur,
988 1583 1049 1645 dici
1066 1582 1140 1643 mihi

134 1678 259 1739 memini
286 1679 427 1740 ludorum
456 1681 664 1741 Romanorum
691 1679 800 1741 diebus
828 1681 861 1739 L
888 1681 1030 1742 Crassum
1054 1679 1141 1757 quasi

88 1801 120 1852 15
135 1775 306 1853 conligendi
325 1775 372 1836 sui
385 1796 476 1837 oausa
494 1796 527 1836 se
545 1775 576 1835 in
595 1777 801 1837 Tusculanum
820 1774 982 1837 contulisse
991 1798 1001 1850 ;
1023 1774 1141 1836 venisse

135 1874 253 1946 eodem,
276 1892 361 1934 socer
381 1872 445 1934 eius
466 1873 518 1950 qui
539 1874 642 1946 fuerat,
663 1875 701 1950 Q.
726 1872 846 1933 Mucius
867 1872 1023 1934 dicebatur
1043 1885 1072 1934 et
1094 1875 1138 1935 M.

135 1970 295 2044 Antonius,
325 1972 418 2033 homo
446 1983 477 2032 et
503 1971 696 2032 consiliorum
724 1971 756 2032 in
784 1991 815 2032 re
843 1970 964 2048 publica
987 1971 1140 2032 sociusset

135 2087 254 2127 summa
285 2088 355 2129 curn
383 2069 493 2130 Crasso
525 2067 723 2128 familiaritate
756 2067 942 2128 coniunctus.
1000 2067 1141 2128 Exierant
1155 2087 1185 2139 ²5

134 2175 236 2224 autem
263 2185 333 2225 cum
366 2164 433 2243 ipso
461 2167 571 2228 Crasso
600 2166 808 2226 adulescentes
835 2176 866 2225 et
893 2164 984 2225 Drusi
1011 2165 1140 2226 maxime

87 2286 121 2322 πο
135 2260 294 2322 familiares
318 2274 348 2323 et
372 2261 403 2322 in
426 2263 536 2340 quibus
559 2282 698 2340 magnam
721 2273 785 2323 tum
810 2282 893 2339 spern
918 2260 1046 2323 maiores
1067 2274 1140 2323 natu

135 2358 287 2436 dignitatis
306 2379 378 2420 suae
392 2362 593 2434 conlocarant,
610 2361 644 2423 C.
662 2362 760 2433 Cotta,
776 2358 828 2437 qui
848 2356 938 2440 [tum]
956 2358 1140 2420 tribunatum

135 2455 232 2532 plebis
258 2458 389 2533 petebat,
413 2468 443 2518 et
470 2460 503 2518 P.
528 2457 685 2535 Sulpicius,
709 2456 761 2534 qui
789 2456 931 2533 deinceps
959 2477 1029 2517 eurn
1052 2455 1141 2535 magi·

135 2563 259 2613 stratum
278 2553 423 2630 petiturus
444 2554 611 2632 putabatur.
656 2554 702 2615 Hi
721 2554 818 2632 primo
839 2553 888 2614 die
902 2554 941 2613 de
955 2552 1140 2631 temporibus
1155 2559 1187 2611 26

135 2650 235 2726 deque
265 2650 402 2712 universa
429 2672 460 2712 re
490 2652 620 2730 publica,
649 2672 741 2729 quarn
769 2652 810 2713 ob
840 2670 961 2711 causam
988 2661 1139 2724 venerant,

88 2769 120 2820 ²5
135 2749 263 2807 multum
278 2747 355 2810 inter
373 2769 406 2810 se
424 2752 574 2827 usquead
593 2761 758 2810 extremum
777 2760 895 2826 tempus
910 2747 971 2809 diei
988 2748 1141 2809 conlocuti

135 2854 225 2919 sunt;
252 2865 315 2922 quo
337 2846 460 2924 quidem
483 2867 621 2908 sermone
645 2849 738 2907 multa
760 2844 902 2907 divinitus
923 2865 942 2905 a
965 2843 1059 2906 tribus
1083 2844 1141 2905 illis

136 2943 342 3004 consularibus
360 2946 451 3006 Cotta
469 2945 624 3022 deplorata
642 2955 672 3003 et
692 2954 927 3004 commemorata
947 2942 1092 3015 narrabat,
1107 2952 1141 3002 ut

136 3039 211 3101 nihil
234 3039 389 3102 incidisset
411 3053 516 3119 postea
538 3040 649 3103 civitati
672 3041 751 3115 mali,
775 3043 859 3118 quod
883 3061 944 3101 non
967 3039 1141 3116 impendere

135 3139 179 3200 illi
192 3151 277 3202 tanto
290 3152 360 3202 ante
374 3141 525 3203 vidissent.
570 3144 617 3202 Eo
630 3152 732 3202 autern
747 3138 830 3202 omni
844 3158 982 3200 sermone
992 3140 1139 3212 conlecto,
1156 3156 1186 3210 ²7

87 3265 122 3314 30
135 3248 249 3298 tantam
271 3237 302 3297 in
320 3240 429 3301 Crasso
450 3238 667 3299 humanitatem
688 3237 787 3310 fuisse,
809 3248 850 3310 ut,
873 3256 942 3297 cum
964 3235 1036 3296 lauti
1056 3255 1141 3296 accu-

136 3334 280 3408 buissent,
306 3337 458 3410 tolleretur
481 3335 580 3396 omnis
605 3334 655 3395 illa
679 3333 837 3412 superioris
858 3333 975 3394 tristitia
995 3332 1140 3393 sermonis

136 3451 232 3510 eaque
256 3444 334 3493 esset
358 3431 390 3492 in
414 3432 538 3493 homine
561 3431 732 3492 iucunditas
755 3443 785 3492 et
807 3441 906 3492 tantus
930 3429 962 3490 in
986 3431 1141 3506 loquendo

169 3585 291 3634 M=HE
388 3585 678 3648 4qu0quu0dreor.
766 3582 973 3634 artumom.M
1065 3586 1141 3633 n6in

136 3650 309 3766 affiniqrcrpnlfio
322 3718 344 3766 L
364 3666 397 3714 ³²
414 3652 441 3700 in
453 3653 556 3701 homine
568 3651 635 3702 codd.
646 3669 653 3700 ι
670 3652 696 3700 in
708 3651 777 3700 omni
790 3666 818 3699 re
829 3650 939 3699 Eussner
1012 3649 1145 3731 loquendo
1159 3725 1162 3731 .
